2634 4400
634 227 657 292 l

537 325 750 338 ί-ι--ι--α

154 455 227 518 quae
253 434 421 508 audirimus,
447 429 481 496 'et
506 435 613 496 vidisse
641 433 720 518 quac
741 437 873 499 vidimus.
921 441 966 499 sa
992 453 1086 502 autem
1105 444 1134 502 in
1155 467 1163 507 ι

153 533 249 581 vestra
267 531 422 601 potestate,
440 523 487 580 vel
506 523 639 601 recipere
658 542 731 601 quae
749 523 966 598 adnunciamus,
989 528 1035 586 vel
1054 519 1135 606 'sp'erss

153 627 236 668 nere.
282 605 345 666 Nos
364 608 438 666 enim
457 605 690 686 quodexpedire
707 608 789 667 vobis
807 612 947 683 novimus,
967 623 1066 672 tacere
1078 627 1133 672 non

153 711 312 771 possumus,
334 693 398 770 quia
413 692 510 765 nobis,
530 694 555 750 si
565 703 722 765 taceamus,
742 691 871 754 damnum
882 705 937 767 est,
957 697 1132 770 vobisrero,

153 797 226 856 quae
245 777 380 847 dicimus,
400 776 424 834 si
443 798 499 836 non
522 778 681 856 recipiatis,
704 780 860 860 pernicies.
908 779 968 839 Sed
990 792 1020 840 et
1041 782 1135 840 stultis

152 855 394 941 propositionibus
412 863 516 920 vestris
533 856 713 941 respondere
730 856 869 942 perfacile
882 866 1000 944 possim,
1021 867 1044 924 si
1058 866 1135 924 veri-

152 949 219 1006 tatis
247 944 403 1006 discendae
431 967 531 1006 caussa
555 949 751 1026 quaereretis,
780 946 817 1007 de
844 947 945 1007 culicis
963 948 1029 1010 dico
1048 961 1134 1028 atque

152 1033 312 1111 elephantis
331 1031 508 1105 differentia,
529 1031 581 1090 sed
600 1051 675 1091 nunc
694 1031 730 1091 de
757 1034 899 1092 creaturis
927 1032 1026 1094 dicere
1053 1035 1134 1093 vobis

151 1116 269 1198 aliquid,
289 1116 440 1202 absurdum
459 1127 516 1189 est,
537 1137 598 1176 eum
617 1137 634 1176 a
651 1117 734 1177 vobis
751 1118 813 1197 ipse
832 1120 953 1177 omnium
972 1128 1090 1179 creator
1102 1128 1135 1178 et

153 1201 287 1261 conditor
304 1203 464 1278 ignoretur.

194 1282 227 1345 9,
275 1279 353 1345 llaec
372 1297 466 1362 eutem
485 1299 547 1346 cnm
567 1284 699 1360 dixisset,
724 1287 802 1347 velut
828 1306 866 1347 ex
891 1308 949 1346 uno
976 1307 1131 1360 consensu,

152 1371 363 1451 indisciplinato
387 1389 438 1430 ore
462 1391 561 1430 omnes
587 1373 668 1431 simul
695 1373 782 1431 risum
809 1371 936 1445 dedere,
955 1374 1087 1433 incutere
1104 1375 1133 1432 ei

152 1455 353 1517 verecundiam
372 1475 406 1514 ae
424 1457 567 1517 silentium
586 1459 734 1535 imponere
745 1459 906 1536 cupientes,
926 1457 1133 1536 barbarumque

152 1553 183 1600 ct
204 1543 295 1600 minus
318 1559 404 1600 sonae
427 1541 530 1612 mentis
553 1561 616 1600 eum
639 1538 843 1600 adclamantes.
889 1542 954 1620 ligo
977 1561 1046 1602 vero
1070 1562 1133 1600 cum

152 1629 224 1686 baec
242 1629 282 1686 ita
300 1627 362 1685 lieri
382 1643 544 1698 cernerem,
564 1627 629 1685 zelo
648 1625 769 1705 quodam
787 1627 887 1685 nescio
902 1625 977 1686 unde
992 1627 1131 1705 repletus,

150 1731 185 1770 ac
213 1712 351 1790 religioso
378 1713 476 1770 furore
503 1728 671 1783 succensus,
692 1711 780 1770 silere
806 1732 862 1770 non
890 1713 980 1790 potui,
1000 1710 1051 1769 sed
1069 1721 1133 1769 ‘cun

151 1798 227 1876 omni
245 1797 378 1855 libertate
396 1797 590 1875 proclamansr
612 1795 782 1856 Rectissime
801 1794 882 1868 deus,
903 1797 1026 1878 inquam,
1044 1796 1134 1853 omni·

150 1893 254 1962 putens
271 1881 422 1940 abscondit
439 1901 456 1940 a
477 1881 559 1941 vobis
581 1883 756 1940 voluntatem
778 1901 876 1953 suam,
897 1901 968 1959 quos
985 1881 1134 1959 agnitione

151 1969 194 2026 sui
212 1966 354 2046 praevidit
370 1965 516 2044 indignos,
532 1968 611 2025 'sicut
629 1985 668 2025 ex
681 1966 725 2025 bis
740 1985 814 2044 qnae
828 1985 902 2024 nunc
917 1966 1015 2044 agitis,
1036 1983 1133 2024 sanum

151 2051 325 2135 sapientibus
343 2053 433 2132 palam
453 2063 508 2111 est.
554 2051 627 2112 Nem
642 2071 705 2110 cum
719 2050 840 2110 videatis
854 2050 1070 2129 praedicatores
1083 2069 1133 2107 vo·

151 2137 266 2195 luntatis
284 2135 331 2198 dei
349 2134 513 2209 advenisse,
534 2138 599 2217 quia
617 2137 834 2201 nullamsermo
853 2153 952 2194 eorum
971 2131 1134 2214 grammati·

151 2242 204 2282 eae
222 2224 293 2281 artis
311 2224 459 2283 seientiam
478 2223 650 2301 prolitetur,
679 2219 732 2283 sed
750 2222 925 2301 simplicibus
947 2232 978 2279 et
998 2218 1134 2297 impoditis

151 2308 330 2367 sermonibus
347 2310 498 2388 perierunt
515 2306 621 2366 advos
639 2305 735 2365 divim
752 2305 904 2375 mandata,
918 2306 959 2360 ita
981 2312 1013 2360 nt
1033 2320 1134 2360 omnes

151 2394 198 2471 qui
216 2389 352 2464 audiunt,
373 2392 454 2471 sequi
471 2393 583 2472 possint
609 2402 639 2450 et
656 2392 821 2469 intelligere
840 2403 911 2466 qnae
926 2385 1073 2459 dicuntnr3
1093 2387 1134 2444 ri·

151 2476 225 2537 detis
243 2478 341 2537 salutis
358 2486 473 2536 vestrae
492 2477 636 2535 ministros
655 2488 686 2535 et
703 2477 838 2540 nuncios,
863 2470 1047 2547 ignorantes,
1067 2471 1135 2549 quia
1225 2488 1228 2496 ¹

151 2574 258 2635 vestra,
280 2563 326 2641 qui
345 2562 426 2621 vobis
443 2563 530 2641 periti
549 2572 579 2621 et
597 2561 766 2639 eloquentes
782 2553 931 2626 videmini,
956 2552 1133 2613 condemna-

151 2649 191 2705 tio
219 2659 279 2718 est,
310 2646 385 2726 quod
412 2647 486 2726 apud
511 2658 645 2725 agrestes
662 2653 693 2699 et
709 2639 847 2702 barbaros
865 2640 987 2699 babetur
1003 2639 1133 2698 veritatis

150 2733 271 2809 agnitio.
319 2734 398 2805 Quae
426 2749 489 2791 cum
516 2730 552 2790 ad
580 2742 629 2785 ius
656 2724 819 2796 advenerit,
848 2744 904 2783 nec
923 2725 1001 2803 quasi
1020 2724 1134 2802 bospite

150 2819 315 2895 suscipitur,
336 2836 408 2896 quae
427 2819 481 2876 nisi
499 2813 718 2889 intemperantia
734 2821 832 2869 vestra
855 2820 885 2868 et
901 2808 991 2867 libido
1009 2807 1133 2867 obsiste·

150 2912 207 2971 ret,
229 2903 298 2959 nivis
318 2921 383 2961 csse
403 2896 601 2960 etaernacula
619 2894 783 2967 debuisset,
802 2905 835 2953 nt
852 2914 890 2953 ex
907 2891 951 2952 bis
961 2894 1131 2971 arguamini,

150 2985 226 3065 ‹pnod
244 2996 300 3043 non
318 2984 447 3045 veritatis
464 2982 548 3041 amici
567 2992 597 3039 ct
614 2980 787 3059 pbilosopbi,
801 2976 860 3038 -sed
875 2979 1133 3037 iaetantiaeseeta·

151 3083 246 3140 tores,
268 3081 298 3127 et
313 3067 456 3143 vaniloqui
475 3068 556 3136 estis,
586 3066 632 3142 qui
654 3066 805 3127 veritatem
827 3064 936 3121 nonin
960 3056 1134 3140 simplicibus

149 3154 258 3225 verbis,
270 3152 321 3211 sod
332 3148 492 3207 inaereutis
504 3160 533 3207 et
548 3148 657 3206 callidis
673 3147 791 3223 creditis
801 3147 942 3218 babitare,
958 3156 991 3204 et
1004 3148 1133 3203 innume-⁴

150 3235 409 3298 rabiliaverborum
419 3232 568 3311 profertis,
588 3234 670 3291 tinius
679 3231 760 3290 verbi
774 3250 950 3311 nequaqnam
959 3230 1054 3310 pretio
1063 3248 1135 3308 pen·

150 3321 271 3383 sitaudn.
318 3319 392 3393 Quid
412 3338 483 3396 ergo
502 3319 607 3397 putatis
626 3318 748 3375 futurum
768 3314 805 3374 de
822 3315 915 3386 vobis,
935 3334 987 3373 vos
1005 3336 1024 3373 o
1043 3315 1134 3373 omnis

150 3398 232 3465 turba
248 3405 438 3476 Graecorum,
459 3405 483 3462 si
501 3404 558 3462 erit
575 3400 710 3460 iudicium
729 3400 788 3473 dci,
809 3402 883 3459 sicut
901 3402 956 3459 iste
967 3398 1055 3459 dicut
1073 3397 1135 3458 Sed

149 3510 235 3562 nunc,
256 3492 421 3549 omittentes
439 3487 541 3547 ridere‘
554 3490 583 3545 in
601 3488 758 3566 perniciem
775 3486 864 3544 vestri
881 3486 970 3543 virum
989 3486 1074 3555 bunc,
1086 3502 1133 3541 re·

150 3576 289 3654 spondeat
307 3575 374 3633 mibi
393 3576 441 3653 qui
457 3566 517 3633 uult
535 3591 572 3632 ex
588 3572 682 3643 vobis,
712 3571 843 3650 qnoniam
871 3568 983 3649 quidem
1012 3570 1074 3629 solo
1092 3568 1134 3625 la·

150 3670 223 3719 tratu
242 3671 340 3720 vestro
360 3659 518 3717 obturbatis
538 3659 623 3716 etiarn
643 3676 742 3715 eorum
769 3673 866 3726 aures,
883 3656 943 3732 qui
970 3650 1052 3711 salvi'
1068 3670 1133 3733 esse

150 3746 258 3817 volunt,
280 3756 310 3804 et
328 3756 438 3803 mentes
457 3763 530 3823 quoe
548 3741 584 3801 ad
603 3740 687 3801 fidem
706 3751 823 3820 paratae
834 3748 910 3809 sunt,
930 3735 966 3798 ad
981 3735 1134 3794 infidelita·

151 3830 187 3887 tis
206 3831 327 3909 lapsum,
356 3830 461 3888 vestris
488 3827 734 3889 obturbationibne
762 3824 927 3884 declinatis:
957 3841 1029 3900 quae
1052 3820 1133 3879 vobis
