2634 4400
507 329 510 338 t

512 349 685 366 -q—-u-

126 471 223 520 nutem
242 469 272 518 et
289 457 492 539 prolixioribus
510 457 633 538 indiguit
649 458 768 520 mundus
784 460 1037 541 istetemporibns,
1058 461 1111 522 do·

126 565 183 605 nec
212 547 366 604 animarum
393 563 466 623 quae
494 545 726 622 praedestinatae
752 557 833 617 sunt,
861 544 898 605 ad
916 547 1112 624 expletionem

126 633 191 689 eins
210 649 342 688 numerus
360 631 538 708 impleretur,
558 641 589 690 et
606 640 675 688 tune
690 629 768 689 istud
786 630 900 709 quidem
917 631 1110 692 visibilecoe·

87 792 89 796 Ι
125 715 183 774 lusu
202 715 403 774 revolveretur
420 724 451 774 ut
468 714 554 787 liber,
573 714 643 774 illud
659 735 730 774 vcro
749 715 826 794 qnod
844 726 889 774 est
906 718 1037 794 superins
1058 737 1110 795 ap·

125 811 257 879 pareret,
278 811 309 858 et
320 801 436 858 animae
454 799 603 858 beatorum
621 800 794 878 corporibos'
809 802 868 860 suis
886 799 1017 860 redditae
1028 800 1110 860 indu-
1146 820 1149 824 ·

125 895 265 944 serentur
290 885 319 942 in
346 885 450 956 lucem,
478 885 626 963 impiorum
649 905 721 944 vero
747 887 858 944 animae
884 904 937 964 pro
950 884 1110 945 ‘immundis

125 969 239 1029 actibus
257 970 315 1028 suis
333 969 432 1047 spiritu
451 971 580 1028 flammeo
591 967 797 1042 circumdatae,
816 972 845 1028 in
856 969 1109 1048 proluudnmiguis

125 1053 353 1132 inextinguibilis
379 1065 595 1130 mergerentur,
625 1073 680 1133 per
695 1056 823 1114 seculum
842 1074 1023 1134 expensurac
1040 1076 1110 1133 sup·

125 1139 225 1218 plicia.
273 1138 352 1198 liaeo
371 1150 465 1198 autern
483 1139 523 1196 ita
542 1157 606 1198 esse
624 1159 711 1199 veras
727 1139 811 1201 nobis
828 1141 971 1220 propbeta
988 1151 1109 1200 testatus

125 1235 182 1294 est,
204 1222 240 1282 de
259 1241 315 1302 quo
333 1225 357 1282 si
376 1225 418 1282 sis
436 1243 599 1300 agnoscere
617 1225 684 1303 quin
708 1225 850 1304 propbeta
874 1226 923 1296 sit,
953 1225 1109 1284 innumeris

124 1307 337 1368 adsertionibus
361 1307 504 1368 edocebo.
558 1308 603 1366 Ex
633 1310 678 1368 bis
704 1311 779 1368 enim
806 1329 880 1388 quae
905 1309 941 1367 ab
968 1329 1005 1369 eo
1032 1309 1110 1369 dicta

125 1403 203 1465 sunt,
229 1403 259 1452 et
277 1412 351 1452 nunc
370 1393 481 1470 singula
499 1413 572 1472 qnae
591 1392 664 1453 dixit
679 1394 849 1471 implentur,
877 1396 963 1453 etiam
981 1414 1017 1453 ea
1035 1414 1109 1472 qnae

124 1479 222 1538 futura
240 1477 323 1555 dixit,
343 1477 499 1538 creduntur
516 1477 671 1556 implenda,
690 1478 764 1537 lides
781 1480 859 1538 euim
875 1480 977 1538 laturis
1004 1497 1042 1537 ex
1065 1479 1109 1538 bis

121 1581 199 1642 quae
217 1565 272 1622 iam
291 1573 373 1640 gesta
395 1575 460 1621 sunt
477 1562 571 1622 datur.
1141 1613 1144 1618 .

168 1647 225 1707 27.
270 1649 311 1707 Ar
330 1647 428 1706 Simon
447 1649 493 1708 cni
512 1657 689 1727 compertum
706 1659 783 1721 erat,
803 1647 918 1708 Pomm
937 1645 1109 1728 depropbe·

124 1735 184 1793 tiae
211 1734 294 1792 titulo
321 1731 447 1791 dilucide
471 1731 626 1811 adsignare
652 1735 809 1806 rationem,
838 1753 876 1793 ex
902 1754 958 1812 quo
976 1736 1107 1812 quaestio

122 1819 217 1878 otonis
234 1817 401 1888 absolvitur,
421 1837 581 1877 sermonem
600 1816 637 1878 de
655 1817 713 1877 boc
730 1819 793 1878 lieri
813 1816 983 1890 declinavit,
1012 1829 1043 1878 et
1060 1838 1108 1877 re·
1220 1820 1222 1825 '

123 1902 268 1982 spondens
295 1905 349 1961 ait:
379 1902 425 1960 Ad
444 1922 478 1961 ca
497 1922 570 1981 qnae
587 1904 654 1961 volo
672 1903 816 1982 responde
844 1903 912 1969 mibi
938 1914 970 1963 et
996 1901 1054 1975 die,
1083 1905 1109 1962 si

123 1987 237 2047 risibile
259 1985 335 2046 istud
352 1999 383 2046 ut
400 1989 442 2052 ais
461 1989 572 2047 coelum
591 1988 765 2061 resolvetur,
785 2009 838 2047 cur
854 2007 893 2048 cx
909 1990 991 2047 initio
1001 1990 1107 2047 iactum

123 2077 188 2132 est?
212 2071 369 2153 Respondit
387 2072 505 2132 Petrus:
526 2071 649 2153 Propter
667 2072 810 2132 bominum
828 2085 1009 2152 praesentem
1032 2074 1107 2134 bane
1233 2143 1242 2151 θ

121 2161 231 2221 tactum
258 2169 305 2217 est
330 2158 427 2229 titum,
456 2168 487 2217 ot
505 2169 583 2219 esset
600 2159 766 2219 interiectio
785 2157 924 2238 quaedam
942 2169 973 2219 et
989 2157 1105 2232 divisio,

123 2263 161 2303 ue
181 2245 244 2321 quis
260 2244 336 2303 lorte
355 2243 487 2321 indignus
506 2242 709 2303 habitationem
727 2244 895 2303 coelestium
914 2255 945 2303 et
962 2242 1107 2320 dciipsius

121 2326 222 2388 sedem
240 2328 363 2400 rideret,
385 2348 457 2407 quac
476 2328 519 2387 bis
536 2328 605 2386 solis
624 2328 670 2406 qni
688 2326 792 2386 mundo
811 2326 1108 2387 cordesuntvideuda

123 2425 345 2493 praeparantur.
374 2412 601 2484 Naucratem,
622 2410 651 2471 id
670 2422 716 2471 est
732 2414 835 2489 agonis
861 2423 1004 2491 temporo,
1033 2412 1107 2471 invi-

121 2497 218 2557 sibilia
228 2515 293 2559 esse
306 2498 415 2578 placuit
432 2518 479 2569 ca,
501 2516 574 2577 quae
591 2497 772 2557 decanatus
788 2496 826 2556 ad
843 2499 998 2576 praemium
1017 2495 1107 2557 desti·

123 2594 191 2642 unta
210 2595 285 2643 sunt.
332 2584 369 2641 Et
387 2583 486 2643 Simon
505 2584 561 2641 ait:
583 2581 614 2641 Si
633 2581 769 2643 conditor
794 2582 886 2643 bouus
912 2593 958 2656 est
979 2593 1010 2641 ct
1024 2601 1106 2641 muu-

122 2668 177 2727 dus
194 2668 296 2739 bouus,
321 2668 463 2747 quomodo
490 2668 582 2727 bonus
607 2667 685 2726 bona
711 2666 849 2727 dissolvet
874 2665 1045 2746 aliqnandol
1072 2665 1106 2725 st
1171 2662 1174 2667 ’

122 2764 217 2812 nutem
237 2752 374 2813 dissolvet
390 2753 580 2832 quudbonum
598 2763 654 2824 est,
674 2751 817 2831 quomodo
835 2753 898 2831 ipse
915 2753 1007 2811 bonus
1024 2749 1106 2811 ride·

121 2838 217 2899 bitur?
240 2835 271 2897 si
290 2849 383 2897 antem
402 2840 482 2918 qnasi
500 2839 604 2897 malum
620 2838 749 2897 resolvet
761 2836 942 2910 etdestruet,
961 2835 1104 2917 quomodo

121 2942 180 2981 nou
199 2920 343 2983 videbitur
359 2923 448 2981 malus
466 2924 512 3001 qni
530 2923 632 2983 malum
650 2924 743 2982 iecit?

164 3006 221 3067 26.
268 3006 370 3065 Petrus
387 3006 424 3065 ad
442 3007 530 3065 baec:
551 3008 701 3079 Quoniam,
721 3007 823 3085 inquit,
843 3004 1046 3085 spopondimus
1068 3006 1105 3064 ti-

121 3092 163 3163 bi,
183 3110 221 3151 ue
239 3090 480 3168 blasphemantem
498 3101 528 3148 te
545 3091 701 3167 fugiamus,
728 3092 794 3168 ipse¹
817 3091 893 3149 euim
918 3089 1024 3149 reddes
1051 3109 1104 3169 pro
1133 3122 1137 3131 =

119 3176 167 3237 luis
186 3188 260 3255 quae
278 3174 405 3253 loqueris
423 3175 575 3245 rationem,
595 3173 740 3252 patienter
756 3174 885 3233 ierimus.
930 3172 1007 3232 Audi
1030 3192 1103 3250 ergo
1215 3207 1218 3220 ι

121 3280 214 3323 nunes
236 3258 354 3319 Coclnru
373 3258 449 3319 istud
467 3256 548 3337 quod,
561 3258 672 3317 visibile
695 3269 741 3317 est
757 3269 788 3318 et
804 3258 971 3337 pertransit,
999 3258 1025 3316 si
1042 3258 1104 3337 qui·

119 3346 186 3405 dem
204 3356 325 3426 propter
341 3346 522 3424 semetipsum
540 3346 645 3415 lactum
656 3354 745 3416 esset,
765 3343 1017 3403 baberetl'ontasse
1028 3341 1103 3422 qnod

121 3430 195 3491 dicis
213 3428 318 3509 aliquid
336 3430 467 3501 rationis,
488 3431 553 3509 quia
571 3429 678 3489 resolvi
687 3429 801 3489 minime
811 3427 954 3504 deberet„
990 3428 1103 3489 Sivcro

11 3552 16 3577 r
120 3526 241 3595 proptor
257 3514 334 3575 aliud
352 3515 419 3596 qaid
436 3516 544 3575 lactum
562 3525 607 3577 est
623 3525 655 3573 ct
672 3533 731 3573 oon
748 3525 868 3593 propter
893 3533 940 3585 se,
966 3532 1104 3576 necessa·

122 3601 167 3659 rio
186 3601 324 3673 solvetur,
344 3612 375 3660 ut
393 3599 462 3659 illud
479 3619 533 3679 pro
552 3608 607 3679 quo
625 3600 731 3658 lactum
748 3598 864 3658 videtur
881 3610 1029 3677 appareat.
1055 3597 1120 3661 Si·x

120 3695 171 3743 eut
179 3684 260 3744 verbi
270 3686 362 3763 gratia
373 3685 504 3755 dixerim,
525 3694 600 3743 testa
618 3704 736 3745 ovorum
755 3684 878 3762 quamvis
897 3683 1103 3761 pulcbralactn
1148 3724 1164 3733 t

121 3780 154 3827 et
171 3768 326 3846 diligenter
342 3772 465 3830 formata
481 3768 625 3841 videatur,
644 3787 766 3829 usucoee
777 3779 924 3827 esttamen
935 3787 997 3827 eam
1006 3767 1101 3844 mangi
1136 3732 1177 3805 s

119 3864 152 3913 et
169 3854 287 3927 resolvi,
307 3854 423 3917 atinde
439 3854 530 3935 pullus
546 3852 690 3935 procedat
706 3864 738 3915 et
755 3850 840 3926 illud,
868 3873 921 3933 pro
939 3872 995 3933 quo
1013 3852 1102 3913 totins
