2634 4400
650 296 721 363 2⁰⁰

582 390 795 407 -vn-—u-——tuss

198 530 279 589 crgo
289 509 445 588 placuisset
463 508 539 567 inter
557 526 601 566 me
621 517 651 564 et
663 523 779 585 ‚senem
807 516 840 564 nt
865 506 998 585 sequenti
1015 504 1063 569 die
1082 503 1182 585 dispu-

197 597 269 655 tatio
288 592 369 655 nobis
389 592 425 653 dc
443 594 555 653 ratione
574 593 691 669 genesis
710 590 881 661 haberetur,
902 603 994 652 utrum
1022 591 1116 652 omnia
1142 610 1182 651 ex

198 701 233 739 ea
252 680 367 750 fierent,
388 698 424 737 an
443 689 521 737 esset
538 676 644 757 aliquid
663 678 692 733 in
710 676 802 747 nobis,
824 676 899 755 quod
918 696 975 735 noo
993 678 1110 754 genesis
1127 676 1182 737 sed

198 766 283 824 animi
302 763 435 831 iudicium
454 774 584 840 gereret,
605 761 706 821 Petrus
724 763 850 821 surrexit
869 763 1180 822 etsermonemfaeere

197 851 253 909 boe
271 846 356 912 modo
375 850 487 927 eoepit:
507 847 609 906 Mirum
628 847 695 906 mibi
713 845 861 905 admodum
882 858 938 919 est,
959 847 1035 926 quod
1048 866 1181 925 resqeae

197 936 283 995 facile
301 935 422 993 inveniri
440 943 571 1011 possunt,
592 933 722 992 homines
740 933 889 1010 exquisitis
907 932 1131 1011 cogitationibus
1145 951 1181 991 ae

197 1020 293 1079 verbis
312 1019 446 1077 difficiles
464 1019 583 1087 iaciunt,
605 1028 635 1075 et
652 1018 682 1075 bi
699 1018 820 1078 menime
847 1019 894 1095 qui
912 1016 1045 1077 videntur
1062 1017 1117 1075 sibi
1134 1037 1181 1076 sa-

198 1106 331 1185 pientes,
361 1105 463 1182 quique
489 1104 619 1161 volentes
646 1101 693 1161 dei
719 1103 892 1161 voluntatem
920 1100 1178 1181 comprehendere,

200 1191 278 1270 quasi
289 1189 411 1247 bomine
429 1198 545 1247 utuntur
563 1185 630 1258 deo,
651 1189 708 1246 imo
726 1190 797 1246 etsi
817 1187 884 1266 quid
911 1189 1018 1259 minus;
1047 1208 1111 1245 nam
1129 1187 1182 1247 bo·

198 1276 280 1333 minis
299 1274 448 1332 consilium
466 1274 510 1332 vei
530 1291 643 1331 sensum
662 1274 738 1331 scire
757 1292 840 1331 nerim
851 1284 959 1351 potest,
979 1274 1182 1351 nisiipsepro·

199 1359 248 1418 dat
266 1360 312 1437 qui
331 1359 515 1437 cogitaverit,
540 1356 591 1418 sed
610 1377 705 1437 neque
723 1370 813 1417 artem
841 1360 904 1437 quis
930 1358 1044 1419 discere
1070 1369 1179 1437 potest,

199 1446 253 1503 nisi
271 1444 358 1503 multo
376 1455 508 1522 tempore
527 1463 544 1501 a
561 1443 699 1520 magistro
718 1443 806 1502 iuerit
819 1445 956 1517 imbutus3
976 1444 1182 1522 quantomagis

197 1530 346 1589 invisibilis
374 1538 404 1589 et
430 1529 726 1607 incomprehensibilis
752 1528 801 1587 dei
827 1548 920 1607 neque
946 1547 1059 1588 sensum
1087 1547 1182 1607 neque

199 1635 270 1694 opus
289 1616 365 1673 seire
384 1615 445 1693 quis
463 1624 570 1693 potest,
592 1614 646 1671 uisi
665 1616 726 1693 ipse
736 1616 829 1672 mittat
839 1614 1018 1693 prophetam,
1039 1615 1085 1693 qui
1096 1634 1183 1673 enar-

198 1711 244 1759 ret
261 1700 409 1759 consilium
428 1720 506 1759 suum
525 1710 556 1758 ct
572 1699 644 1759 iiam
664 1698 837 1758 conditionis
854 1710 990 1777 exponat,
1010 1700 1182 1777 inquantum

198 1785 312 1845 discere
331 1784 490 1844 bominibus
508 1786 551 1843 fas
569 1794 624 1842 est
672 1783 753 1843 Unde
771 1783 920 1843 ridiculum
939 1796 1028 1863 puto,
1049 1806 1112 1844 cum
1131 1805 1182 1843 na·

200 1869 381 1929 toralibus
355 1871 408 1928 vtis
428 1868 463 1928 de
482 1871 586 1929 virtute
606 1867 651 1927 dei
671 1870 801 1928 homiues
819 1869 957 1941 iudicant,
979 1870 1182 1949 etputautboe

122 1956 125 1963 “
199 1954 358 2034 quidem
331 1974 358 2015 er
378 1973 442 2015 esse
461 1936 614 2032 possibile,
643 1954 711 2013 iliud
737 1976 808 2015 vero
836 1955 1021 2034 impossibiie,
1050 1967 1099 2015 aut
1125 1955 1181 2013 boc

199 2042 298 2113 maius,
321 2037 389 2097 iliud
407 2041 508 2110 minus,
530 2040 622 2115 ignari
642 2040 777 2111 omnium,
805 2042 852 2119 qui
879 2061 942 2099 cum
969 2043 1026 2099 sint
1052 2041 1182 2101 bomines

199 2123 455 2196 iniusti„iudieaut
473 2122 582 2183 deum'
574 2136 689 2199 rustum,
709 2125 876 2183 artificem
867 2126 1009 2205 imperiti,
1030 2127 1182 2206 incorrup-

199 2211 307 2272 tibilem
327 2211 598 2292 corrupti,iaetura
616 2212 770 2270 factorem.
1160 2254 1166 2260 ,

199 2349 203 2358 .
241 2295 297 2356 59.
343 2295 381 2354 Et
399 2298 465 2355 noio
485 2298 601 2375 putetis,
624 2298 689 2375 quia
707 2298 779 2356 baec
798 2297 898 2357 dicens
916 2296 1059 2357 iudicandi
1079 2296 1116 2358 de
1133 2317 1182 2356 re-

199 2382 252 2440 bus
270 2381 381 2460 perimo
400 2382 576 2454 facultatem,
597 2382 649 2444 sed
668 2383 816 2442 consilium
835 2382 871 2442 do
890 2403 927 2442 ne
946 2403 1000 2462 per
1018 2383 1101 2445 devia
1119 2385 1182 2462 quis

199 2466 349 2537 incedens,
369 2468 431 2526 sine
451 2468 507 2526 iine
527 2469 654 2526 incurrat
676 2487 804 2532 errores.
850 2467 888 2528 Et
913 2462 994 2533 ideo,
1007 2489 1063 2528 non
1091 2469 1182 2528 seium

200 2551 384 2631 sapientibus,
405 2551 458 2610 sed
477 2563 506 2610 et
524 2551 654 2611 omuibus
672 2553 831 2613 bominibus
854 2555 901 2632 qui
929 2552 1101 2614 desiderium
1129 2573 1183 2631 ge·

200 2649 267 2696 runt
283 2634 461 2714 agnoscendi
480 2635 554 2714 quod
573 2637 627 2696 sibi
647 2638 777 2717 expedit,
796 2638 904 2698 suadeo
922 2650 954 2699 ut
970 2641 1119 2718 requirant
1130 2658 1182 2699 ve-

155 2739 163 2754 *
200 2741 260 2780 rum
279 2721 459 2799 prophetam,
480 2723 544 2800 quia
563 2724 623 2801 ipse
641 2724 720 2782 solus
747 2735 803 2795 est,
832 2724 878 2803 qui
906 2726 986 2784 novit
1012 2727 1122 2796 omnia,
1151 2735 1185 2784 et

200 2807 256 2864 scit
274 2805 341 2884 quid
359 2817 389 2865 et
406 2805 549 2884 quomodo
567 2811 758 2888 unusquisque
777 2821 907 2887 quaerat.
953 2809 1032 2870 lnest
1049 2811 1183 2869 enimin·

200 2901 245 2950 tra
263 2891 483 2968 uniuscuiusque
501 2903 628 2952 nostrum
646 2905 781 2965 mentem,
801 2893 852 2954 sad
871 2895 900 2953 in
918 2896 975 2954 iiiis
989 2895 1114 2974 quidem,
1134 2896 1182 2974 qui
1268 2965 1275 2972 ¹

200 2974 371 3036 desiderium
392 2974 439 3036 dei
456 2978 610 3055 agnitionis
638 2989 669 3038 et
694 2980 818 3039 iustitiae
845 2981 907 3039 eius
933 2981 1037 3040 nubium
1064 2991 1180 3059 gerunt,

201 3063 318 3133 otiatur,
338 3063 366 3120 iu
385 3062 516 3122 hisvero
536 3065 582 3142 qui
602 3063 678 3144 quod
694 3067 806 3125 animae
815 3085 884 3126 sune
900 3065 1020 3146 expedit
1028 3077 1180 3145 quaeruut,
1273 3087 1278 3100 ¹

200 3159 338 3226 operatur
355 3159 385 3206 et
402 3150 541 3210 scientiae
560 3150 653 3210 iumen
673 3148 817 3208 accendit.
864 3149 987 3229 Propter
1004 3150 1182 3230 quodprimo

201 3235 322 3292 omnium
333 3234 406 3292 bunc
419 3236 571 3312 requirite,
591 3254 675 3313 quem
685 3237 709 3294 si
727 3255 785 3294 uon
802 3237 981 3315 inveneritis,
1001 3237 1037 3295 ab
1055 3237 1114 3296 aiio
1130 3257 1183 3296 vos

200 3319 348 3394 agnituros
366 3317 472 3396 aliquid
491 3339 547 3378 uon
566 3321 701 3397 speretis.
749 3321 895 3379 invenitur
911 3332 1006 3380 autem
1025 3323 1083 3380 cito
1092 3321 1128 3380 ab
1138 3321 1183 3380 bis

172 3476 176 3485 „
201 3403 248 3480 qui
266 3404 396 3462 veritatis
414 3423 511 3463 amore
530 3406 709 3483 perquirunt,
731 3416 761 3464 et
778 3426 896 3484 quorum
914 3408 1008 3465 anima
1021 3426 1182 3485 praeoccu-

200 3496 267 3564 pata
286 3506 341 3545 nou
361 3497 476 3548 tenetur
493 3489 521 3547 iu
539 3491 656 3548 malitia.
703 3488 797 3549 Adest
814 3493 889 3551 enim
916 3490 959 3550 bis
987 3493 1033 3571 qui
1051 3512 1124 3571 ⁸eruin
1151 3492 1181 3549 in

201 3573 364 3631 innocentia
384 3574 499 3653 spiritus
518 3577 560 3634 sui
580 3573 756 3647 desiderant,
777 3578 824 3654 qui
842 3596 895 3657 per
912 3578 1077 3655 patientiam
1087 3577 1182 3636 ffsusti·

201 3667 280 3728 neut,
301 3669 331 3717 et
348 3659 471 3737 suspiria
489 3658 524 3718 de
542 3660 685 3739 profundo
705 3660 802 3720 cordis
819 3662 949 3722 veritatis
967 3660 1183 3741 amoreprodu-

201 3754 283 3800 eunt.
278 3744 377 3822 fugit
395 3755 488 3803 autem
507 3745 659 3804 malevolas
678 3757 800 3816 mentes,
821 3749 886 3825 quia
903 3758 934 3806 ut
950 3748 1092 3826 propbeta
1109 3767 1182 3824 eog-

200 3829 294 3886 noseit
312 3829 504 3905 cogitationes
522 3831 754 3908 uniuscuiusque.
779 3831 817 3890 Et
834 3830 901 3890 ideo
920 3851 1003 3892 nemo
1022 3843 1104 3912 putet
1116 3850 1182 3890 eum

199 3930 253 3988 per
270 3910 448 3989 prudentiam
467 3931 544 3974 suam
563 3913 692 3975 inuenire
711 3934 809 3997 posse,
829 3916 884 3977 nisi
901 3927 933 3978 ut
949 3916 1179 3996 supradiximus,
