2634 4400
601 217 668 286 tta

526 309 739 330 s—u-——u--d

139 425 216 508 quod
235 427 437 499 observemus,
466 445 502 488 no
521 428 597 486 torte
620 427 727 488 affeetu
748 430 853 489 iniusto
872 425 1045 492 voluntatem
1063 452 1122 494 ma'·

137 513 210 591 ligni
228 514 377 571 iaciamus
462 587 464 591 Ι
590 588 591 592 ¹
772 586 776 593 ι
1100 585 1103 590 1

182 597 237 658 ⁷22
284 596 401 656 Interim
420 596 510 674 tribus
527 608 559 656 bt
577 592 647 668 dixi,
675 597 820 658 mensibus
845 599 1020 678 permanebo
1043 599 1122 680 apud

136 689 206 753 ‘vos3
227 687 323 740 estote
340 680 446 740 astidui
464 680 500 742 ud
518 679 689 742 audiendum
706 681 836 755 verbum,
864 695 896 742 et
922 687 1122 745 consummatis

136 767 194 835 bis,
214 767 238 822 si
258 766 304 842 qui
324 776 443 842 possunt
462 777 492 824 et
508 765 607 824 uolunt
625 758 706 844 sequi
725 785 789 838 nos,
809 768 982 847 permittitur
991 770 1035 826 eis
1044 771 1122 828 salva

136 851 260 928 pietate.
308 848 390 922 Quod
407 861 501 908 autern
520 848 586 908 die'o
604 850 682 908 salve
700 850 820 928 pietate,
840 852 970 924 horest,
991 867 1121 931 nequem

137 933 267 992 discessu
286 953 338 991 suo
358 934 510 992 contristet
528 935 575 1014 qui
603 935 767 994 contristari
795 955 852 994 nou
880 935 979 1016 debet,
1006 939 1053 995 vel
1071 958 1122 1016 pa-

137 1028 237 1076 rentes
255 1018 419 1096 relinquens
437 1038 507 1096 quos
526 1038 582 1076 non
602 1023 730 1096 oporteu
749 1019 796 1078 vel
810 1033 930 1080 uxorem
949 1013 1074 1092 fidelem,
1091 1024 1119 1092 ¹)

135 1102 183 1160 rel
203 1103 227 1159 si
247 1120 319 1180 quae
338 1112 402 1160 suut
421 1101 579 1161 huiusmodi
597 1121 751 1180 personae,
772 1104 873 1181 quibus
895 1115 1015 1183 propter
1037 1104 1120 1164 deum

136 1181 248 1245 deferri
267 1185 396 1246 solatium
416 1187 561 1246 convenit.
608 1185 725 1246 Interea
742 1206 796 1265 per
813 1187 875 1248 dies
884 1190 1012 1266 singulos
1022 1187 1120 1268 dispu-

135 1281 201 1328 taus
220 1281 250 1328 et
268 1269 387 1342 doeens,
407 1272 583 1349 propositum
601 1280 713 1348 tempus
731 1272 759 1328 in
770 1269 920 1332 doetrinae
931 1273 1030 1332 labore
1040 1293 1121 1334 nonu⁶

135 1353 236 1432 plevit.
282 1354 320 1414 llt
338 1373 401 1414 eum
419 1354 584 1414 advenisset
601 1347 663 1414 dios
680 1348 782 1428 lesbus,
802 1369 889 1436 super
915 1347 1017 1438 dotem
1034 1354 1121 1416 millia

134 1438 274 1516 baptizati
292 1449 368 1498 sunt.
1085 1435 1098 1441 ³

179 1521 235 1581 75.
281 1522 313 1581 ln
332 1523 387 1582 illis
405 1535 499 1584 autem
519 1522 619 1584 diebos
645 1523 769 1603 epistola
794 1525 914 1592 mittitur
940 1544 958 1584 a
984 1523 1119 1603 iratribus

134 1608 433 1686 qui-praecesseraut,
454 1609 483 1668 iu
511 1615 566 1686 qua
593 1607 717 1669 Simonis
743 1609 857 1669 seelera
883 1610 1117 1682 continebantur,

134 1689 279 1770 quomodo
298 1710 352 1769 per
371 1693 502 1752 civitates
521 1691 674 1770 deciperet
691 1693 790 1752 turbas
807 1704 838 1754 et
855 1693 971 1778 Petrum
989 1711 1044 1772 per
1060 1694 1118 1752 siu·

133 1775 202 1851 gula
220 1776 373 1848 laceraret,
393 1787 425 1836 ut
443 1793 504 1836 oum
523 1777 599 1836 forte
617 1775 792 1849 advenisset,
811 1778 941 1836 nullusei
955 1789 1119 1836 accommo-

134 1857 219 1916 daret
236 1859 371 1918 auditum-
417 1858 582 1918 Adserebat
600 1861 675 1920 enim
694 1880 758 1920 eum
776 1877 888 1939 magum
915 1880 980 1921 esso
1007 1872 1039 1922 et
1055 1863 1118 1922 siue

133 1941 204 2014 deo,
220 1943 397 2014 iniuriosum,
409 1943 552 2016 callidum,
572 1939 734 2023 imperitum
745 1956 776 2004 et
783 1938 970 2024 impossibilia
979 1940 1118 2024 proliten-

133 2038 204 2086 tem.
240 2027 371 2086 Mortuos
389 2029 463 2086 enim
481 2039 696 2088 resurrecturos
714 2029 833 2101 adserit,
854 2028 931 2108 quod
944 2040 1000 2101 est,
1012 2031 1116 2108 inquit,

132 2111 322 2189 impossibiie.
370 2111 401 2170 Si
420 2114 466 2192 qui
486 2131 555 2172 vero
574 2132 637 2172 eum
656 2113 912 2184 eonbntureuelit,
941 2115 1062 2172 oeeultls
1080 2113 1117 2172 ab

133 2214 170 2255 eo
181 2194 291 2256 insidiis
305 2198 454 2275 perimitur
471 2216 525 2275 per
539 2198 678 2259 satellites
689 2200 766 2269 eiusr
786 2196 1001 2275 propterquod,
1013 2191 1114 2274 inquit,

133 2290 165 2339 et
191 2300 248 2357 ego
276 2272 429 2341 cumeum
456 2292 636 2358 superassent
664 2290 695 2339 et
725 2281 960 2357 triumphassem‚
997 2279 1116 2351 insidias

133 2365 196 2422 eius
214 2366 322 2423 veritus
339 2358 412 2442 iugi,
432 2383 469 2423 ne
488 2366 564 2423 forte
583 2364 732 2422 maleficiis
748 2382 794 2421 me
807 2363 970 2440 ‘perimeret
981 2373 1116 2421 autmor·

132 2459 192 2506 tem
211 2467 300 2507 meam
320 2468 373 2526 pen
390 2448 508 2507 insidias
527 2448 668 2507 elocaret.
714 2445 984 2507 ludieabantautem
994 2442 1116 2517 maxime

132 2550 198 2591 eum
217 2532 292 2611 apud
310 2533 447 2612 Tripolim
467 2531 621 2593 demorari·

177 2613 231 2675 74.
278 2616 370 2694 Igitur
387 2616 488 2677 Petrus
512 2616 662 2694 epistolant
688 2610 810 2681 recitari,
833 2607 939 2696 populo
964 2607 1056 2687 iubet,
1085 2625 1116 2677 ot

131 2710 198 2778 post
215 2701 369 2761 lectionem
387 2702 527 2759 allocutus
545 2720 598 2763 eos
615 2699 651 2759 de
670 2702 800 2760 omnibus
826 2702 991 2780 plenissime
1008 2696 1115 2761 iustru-

131 2784 186 2855 xit,
206 2779 361 2863 praeoipne
380 2794 476 2845 tamon
494 2788 525 2843 ut
543 2776 696 2847 obedirent
712 2777 876 2856 Zaeebaeo,
895 2804 979 2864 quem
998 2784 1114 2851 ordina,-

132 2868 173 2927 vit
191 2869 234 2927 eis
253 2870 430 2947 episcopum.
476 2868 537 2933 Sed
556 2880 586 2929 et
603 2870 792 2949 presbyteros
802 2881 832 2929 et
845 2869 983 2953 diaeonus
992 2872 1112 2951 populo,

31 3000 39 3015 .
132 2962 163 3010 et
185 2952 254 3029 ipsis
272 2953 451 3013 nibilominus
470 2954 603 3032 populum
622 2944 842 3015 commendarit
865 2947 1035 3032 ‘Simulque
1062 2952 1113 3013 tle·

131 3036 271 3095 nuncians
290 3034 365 3112 quod
383 3036 458 3114 apud
475 3030 610 3115 'l'rlpolim
629 3030 803 3096 hiematurus
821 3048 914 3108 esset,
944 3030 1113 3096 commendo

130 3138 196 3189 vos,
216 3117 317 3194 inquit,
338 3121 449 3195 gratiae
469 3118 527 3191 dei,
546 3121 675 3179 erastino
693 3139 756 3179 oum
769 3119 1114 3202 'voluntatedominipro-

131 3204 272 3261 ferturus.
288 3203 316 3275 ²)
363 3202 419 3260 Per
436 3214 513 3262 totos
532 3214 625 3263 autom
643 3214 706 3263 tres
722 3222 836 3264 meuses
858 3216 930 3281 quos
947 3201 1020 3281 apud
1039 3203 1114 3263 Cae·

131 3304 243 3345 saroam
263 3280 412 3346 doetrinae
432 3302 531 3346 caussa
551 3288 712 3383 exepimus,
733 3276 919 3366 quaeeunque
937 3284 1012 3365 apud
1022 3283 1113 3366 popu·

131 3370 188 3429 lum
207 3363 367 3430 disserebat
384 3365 438 3449 per
456 3370 542 3443 diem,
563 3373 634 3431 baec
653 3371 736 3430 nobis
756 3362 872 3430 seo'rtto
898 3364 1113 3431 lucubrantibns

131 3472 228 3511 seeum
248 3454 360 3531 plenius
378 3466 408 3515 et
425 3456 584 3533 perlentius
602 3455 787 3535 explanabat,
815 3466 948 3534 uuquam
975 3454 1112 3515 fideliori·

132 3614 345 3627 ...ιιι-ι...

170 3671 194 3730 ¹)
212 3672 267 3719 Vel
286 3665 312 3719 ni
330 3682 407 3733 quae
426 3702 458 3713 -
478 3666 627 3723 convenit
645 3666 738 3724 desunt
751 3670 777 3724 in
791 3665 846 3723 eod.
860 3678 974 3735 utroque
983 3660 1053 3735 bipes

130 3800 157 3853 ln
175 3806 337 3871 nodabipru

808 3881 811 3887 s
852 3876 873 3935 Β
1025 3886 1046 3924 ·

124 3756 129 3759 ·
153 3734 194 3798 ¹²)
212 3739 268 3786 Per
285 3742 371 3790 totos
389 3756 513 3810 gesse
532 3756 592 3791 non
611 3747 742 3804 poterat
758 3735 901 3805 (enpust.)
919 3756 972 3789 uon
989 3742 1111 3801 leguntur
1191 3760 1207 3787 ο
1309 3771 1310 3802 3
