2634 4400
576 275 623 335 257

492 371 705 382 Μ...-

105 493 176 562 puto
195 482 349 540 rectiorem
370 499 435 538 esse
454 481 526 539 viam
546 480 579 539 ad
600 481 699 540 horum
719 481 883 552 discrimen,
905 483 958 538 nisi
973 483 1089 559 utprius

105 585 328 644 cognoscamus,
349 567 372 622 si
391 567 415 622 is
435 568 481 644 qui
501 566 632 644 loquutus
651 578 696 625 est
715 586 750 625 ca
764 565 1090 644 quacvldcnturincon-

105 671 189 722 sorra,
210 651 352 728 propheta
370 652 418 707 sit.
466 651 497 708 Si
517 652 591 708 cuim
611 652 755 709 invenitur
772 653 1008 729 propheta'esse,
1030 672 1092 707 ovu-.

106 737 154 794 nia
183 736 231 792 illa
254 754 326 812 quae
355 733 487 792 videntur
514 735 568 792 sibi
588 755 652 793 essu
672 737 829 806 contraria,
851 745 962 793 constat
982 734 1090 792 hahcrc

106 819 334 888 consonantiam,
355 817 406 876 sed
425 839 481 876 nou
501 819 633 899 intelligi.
682 818 724 878 De
752 820 796 877 his
815 839 886 896 crgo
905 816 1091 896 probamenta

105 905 216 962 rectius
234 905 428 981 requirentur,
476 901 537 964 Nos
557 905 630 964 enim
650 905 774 982 apostoli
797 904 871 961 illius
894 905 941 981 qul
969 924 1020 960 nos
1039 905 1091 960 mi-

106 990 156 1058 sit,
177 987 266 1046 verba
293 1007 440 1065 exponere
469 987 546 1047 missi
574 984 673 1046 sumus¹
692 1000 722 1046 et
749 986 901 1046 adfirmare
919 987 1088 1057 sententias,

106 1073 255 1152 proprium
282 1089 352 1129 vero
380 1071 479 1130 dicere
506 1071 612 1154 aliquid
640 1093 696 1130 nou
724 1072 858 1130 habemus
885 1073 914 1129 in
937 1070 1087 1140 scandatis,

107 1156 160 1216 scd
180 1155 329 1214 verborum
350 1155 435 1224 illius,
456 1166 486 1213 ut
505 1156 575 1226 dixi,
596 1158 712 1235 aperire
730 1157 891 1216 veritatem.

149 1238 206 1298 55.
253 1239 289 1297 Et
310 1241 407 1297 Simon
426 1241 482 1298 ait.
504 1239 585 1300 Doce
605 1261 751 1318 eugenos,
772 1239 913 1320 quomodo
926 1241 1089 1311 conveniat,

106 1335 138 1384 ut
165 1325 189 1382 is
218 1325 264 1423 qui
284 1322 438 1382 divisiones
458 1326 538 1396 linuit,
569 1343 640 1403 quae
670 1324 824 1384 divisiones
851 1325 957 1383 cadere
985 1325 1092 1382 iaciant

107 1431 160 1468 cos
179 1410 226 1486 qui
245 1407 430 1508 dividuntur„
436 1409 481 1466 vel
500 1408 591 1466 honus
609 1408 750 1479 sidentur,
771 1409 816 1468 vel
835 1409 878 1466 ad
888 1410 1029 1466 homiuum
1046 1429 1090 1465 sa·

106 1495 194 1552 lutcvu
213 1494 337 1551 venisse.
385 1492 421 1550 Et
439 1493 556 1551 Petrus:
576 1491 664 1564 Audi,
686 1491 827 1571 quomodo
846 1494 983 1570 magister
993 1503 1093 1550 noster

108 1597 193 1636 omne
211 1597 343 1652 reguum,
374 1588 403 1635 et
422 1597 532 1636 omnem
552 1575 664 1635 domum
683 1576 798 1635 divisam
818 1576 966 1636 adversum
985 1587 1092 1634 semet·
1134 1641 1141 1650 ι

108 1665 210 1740 ipsam,
233 1657 304 1718 dixit
322 1672 399 1719 stare
418 1682 474 1719 non
493 1681 589 1740 posse.
637 1661 699 1719 Hoc
727 1673 820 1720 autem
844 1679 906 1720 cum
926 1662 987 1738 ipse
1007 1661 1089 1730 lecit,

106 1745 174 1804 vide
187 1745 335 1824 quomodo
354 1743 389 1803 ad
409 1747 526 1804 salutem
547 1745 642 1804 cedat.
673 1747 704 1804 lu
725 1766 826 1806 errore
850 1748 971 1823 positum
995 1744 1091 1802 usundi

107 1850 241 1904 reguum,
279 1830 323 1888 vel
352 1850 575 1908 unamquamque
603 1833 630 1888 iu
659 1851 695 1890 eo
720 1830 830 1888 donnum
854 1831 943 1889 verbo
961 1830 1091 1888 veritatis

108 1913 225 1985 dividit,
255 1914 377 1992 procul
384 1913 469 1972 dubio
496 1926 527 1972 ut
553 1913 663 1982 cadat
666 1935 750 1974 error
777 1927 807 1974 et
833 1915 940 1974 veritas
971 1925 1087 1992 regnet.

108 1997 193 2071 Quod
221 2000 245 2056 si
273 1999 359 2056 alicui
387 1998 501 2056 accidat
529 1989 634 2070 do'mui,
666 2012 695 2060 ut
723 2020 806 2059 error
832 1999 1011 2059 introductus
1037 2019 1092 2077 per

107 2080 232 2160 aliquem
251 2081 392 2140 dividat
375 2085 537 2154 veritatem,
559 2105 621 2142 cum
641 2084 725 2143 error
740 2084 906 2157 obtinuerit,
928 2096 1036 2144 certum
1048 2094 1092 2141 est

106 2169 258 2227 veritatem
279 2179 356 2227 stare
376 2188 431 2225 nou
451 2187 548 2245 posse.
595 2169 632 2227 Et
651 2168 766 2227 Simon:
797 2169 855 2229 Sed
875 2170 1013 2229 incertum
1033 2179 1089 2237 est,

107 2264 201 2312 utrum
228 2254 367 2329 mugister
394 2264 491 2311 vester
516 2272 646 2312 errorem
667 2253 774 2312 dividat
792 2275 826 2311 aa
845 2256 1007 2312 veritatem.
1055 2252 1092 2310 Et

107 2338 226 2401 Petrus·
253 2336 329 2395 lstud
349 2337 466 2394 alterius
485 2338 659 2414 quaestionis
679 2328 734 2396 est.
765 2338 865 2396 Sed
843 2360 866 2394 ει
885 2348 999 2394 constat
1016 2335 1092 2413 apud

107 2434 150 2491 te,
170 2424 237 2504 quia
256 2442 338 2479 omne
359 2420 434 2499 quod
453 2420 571 2478 divisum
591 2423 679 2478 luerit
697 2421 789 2492 cadit,
811 2432 943 2499 superest
953 2432 983 2477 ut
994 2431 1091 2478 osten

107 2505 185 2577 dam,
206 2508 354 2577 sitantum
376 2525 437 2563 cum
457 2525 530 2582 pace
550 2504 649 2564 audire
669 2508 722 2576 vis,
743 2504 818 2584 quod
829 2505 908 2563 lesus
927 2516 1027 2563 noster
1045 2523 1091 2561 er-

106 2608 204 2649 rorem
224 2590 353 2648 diviserit
371 2609 405 2647 ac
424 2590 587 2661 resolverit,
609 2589 742 2649 docendo
759 2592 921 2654 veritatem.

150 2673 206 2732 56.
252 2674 321 2733 Τιιῐιι
342 2674 455 2733 Simon:
495 2673 610 2746 Omitte,
632 2676 733 2753 lnquit,
753 2694 914 2733 sermonem
933 2676 1014 2753 pacis
1032 2675 1092 2733 ire·

107 2768 232 2836 quenter
250 2760 368 2829 iterare,
390 2759 456 2837 quid
475 2779 545 2817 vero
563 2761 600 2817 sit
618 2759 693 2837 quod
713 2761 802 2817 sentis
821 2770 869 2818 aut
888 2758 994 2829 credis,
1024 2758 1092 2816 brc-

106 2845 183 2901 viter
202 2862 326 2921 expone.
373 2843 411 2901 Et
429 2844 530 2903 l'ctrus
549 2846 604 2902 ait:
627 2844 693 2923 quid
711 2847 794 2903 times
814 2843 917 2908 crebro
936 2842 1035 2901 audire
1055 2841 1091 2899 dc

105 2930 202 3005 pacet
225 2938 273 2984 aut
291 2928 407 3003 ignoras
426 2930 491 3006 qula
510 2930 653 3006 perfectio
673 2930 747 3006 legis
765 2950 823 3008 pax
840 2932 903 2987 est?
931 2947 967 2985 cx
985 2946 1092 3004 pecea-

107 3014 144 3069 tis
164 3012 238 3069 euim
259 3011 333 3069 bella
353 3023 507 3069 naseuntur
525 3024 554 3071 et
573 3014 741 3084 certamina,
762 3014 810 3071 ubi
828 3024 921 3071 autem
940 3022 1091 3089 peccatum

106 3114 164 3154 non
184 3094 226 3163 flu,
247 3114 303 3171 pax
323 3105 367 3151 cst
385 3097 512 3153 auiurae:
534 3096 581 3152 ubi
601 3116 670 3169 vero
689 3117 746 3173 pax
764 3106 823 3165 est,
844 3098 872 3152 in
892 3096 1091 3171 disputationi-

106 3181 160 3238 bus
179 3178 297 3245 veritus,
319 3179 347 3234 in
368 3178 503 3255 operibus
522 3180 630 3236 iustitia
648 3181 801 3237 invenitur.
848 3178 887 3236 ut
904 3179 1018 3235 Simon:
1039 3177 1091 3233 Vi-

106 3264 186 3322 deris
213 3262 280 3319 milri
308 3283 364 3319 nou
391 3281 477 3339 posse
504 3263 635 3340 proliteri
663 3262 739 3341 quod
765 3264 866 3321 sentis.
912 3261 950 3319 Et
972 3260 1088 3319 Petrus:

107 3348 220 3416 Dicam,
242 3366 278 3406 ex
296 3346 416 3404 arbitrio
435 3357 541 3418 tamen,
562 3368 618 3405 nou
639 3349 693 3404 tuis
711 3348 844 3406 versutiis
863 3357 991 3405 coactus.
1034 3345 1091 3403 Cu—

107 3434 157 3511 pio
177 3433 251 3489 euim
280 3428 355 3509 quod
377 3431 502 3502 salutare
522 3443 551 3489 ct
569 3433 639 3491 utile
658 3443 703 3491 est
721 3432 850 3491 ournibus
869 3430 972 3490 adduci
992 3432 1019 3487 in
1038 3450 1090 3487 ιιο-

108 3518 212 3585 titiam,
242 3526 271 3574 ct
298 3514 365 3574 ideo
393 3517 525 3593 prolerre
553 3528 635 3595 qua'm
663 3517 831 3575 brevissime
858 3537 914 3574 ιιοιι
942 3515 1086 3573 morabor.

108 3601 186 3658 Unus
214 3610 258 3657 cst
285 3600 366 3671 dem,
396 3599 527 3678 idemque
548 3600 682 3659 conditor
700 3600 805 3671 mundi,
834 3604 924 3660 iustus
942 3598 1039 3668 iudex,
1061 3608 1090 3655 ct

108 3685 260 3761 unicuique
279 3685 461 3761 pro'actibns
480 3687 537 3743 suis
557 3684 725 3765 quaudoque
744 3688 909 3744 restituens.
944 3683 1000 3741 lam
1017 3698 1089 3739 vcro

109 3788 162 3847 pro
181 3767 346 3827 adsertione
365 3769 476 3841 horum,
508 3772 569 3829 scio
588 3773 736 3830 innumera
754 3791 839 3849 posse
857 3769 1008 3828 verborum
1028 3768 1089 3823 mil-

108 3853 147 3911 lia
166 3856 349 3913 commoveri.
