2634 4400
590 228 659 292 {bb

179 435 236 497 flii.
284 434 345 495 Sed
372 403 413 495 et·
428 438 456 495 in
484 436 539 495 boe
563 434 728 497 admiranda
746 448 791 496 est
809 436 905 498 divina
922 438 1116 518 providentia,

136 520 212 601 quod
229 520 331 583 videre
350 542 402 581 nos
420 520 534 601 quidem
554 533 584 580 et
601 541 762 601 agnoscere
781 524 852 583 iacit
869 544 941 604 qnae
960 526 1041 598 fiunt,
1062 547 1118 608 quo

134 606 220 667 modo
240 618 334 667 auteur
355 617 385 666 et
403 608 526 686 qualiter
544 608 624 677 flant,
644 609 673 666 in
691 620 808 667 secreto
826 612 923 688 posuit
941 620 972 669 et
989 613 1116 685 occuito,

134 703 166 753 ut
192 712 249 750 nou
276 692 402 771 indignis
428 691 464 751 ad
491 694 667 770 agnitionem
693 694 877 766 subiaceant,
905 694 957 755 sed
976 694 1070 774 dignis
1088 709 1119 757 et

134 777 267 837 fidelihus
285 798 347 835 cum
366 779 534 849 meruerint,
556 778 704 855 patefiant.
751 779 792 837 Ut
814 787 909 839 autent
937 780 1023 839 rebius
1049 783 1118 860 ipsis

135 874 166 923 et
183 864 323 942 esearpiis
341 862 505 942 probemus,
526 863 729 923 nihilomnino
756 882 794 923 ex
819 876 936 924 terrena
962 866 1119 926 substantio

134 949 291 1008 seminibus
310 946 382 1019 dari,
403 949 455 1007 sed
477 960 567 1007 totum
595 966 632 1007 ex
659 948 803 1008 elemento
829 970 921 1029 aquae
947 962 979 1011 et
1003 953 1118 1031 spiritus

135 1036 182 1114 qui
200 1038 276 1093 inest
294 1035 322 1092 ei
340 1036 445 1093 virtute
464 1044 610 1107 constare,
631 1054 708 1114 poue
725 1036 794 1093 mibi
811 1036 893 1095 vorbi
911 1038 1006 1114 gratia
1015 1040 1044 1095 in
1054 1057 1119 1096 cra·

134 1130 198 1179 tere
216 1120 312 1197 aliquo
335 1120 525 1198 amplissimae
553 1119 755 1198 magnitudinis
782 1123 861 1179 iuiici
888 1132 985 1181 terrae
1010 1123 1120 1182 talenta
1186 1177 1190 1184 .

135 1214 261 1275 centum,
283 1216 313 1263 et
331 1206 508 1263 seminentur
524 1206 552 1263 in
572 1212 608 1263 eb
628 1200 759 1265 diversae
779 1208 894 1286 species
916 1208 1053 1267 seminum
1070 1210 1118 1268 vei

135 1292 245 1349 oierum
263 1290 308 1349 vei
325 1292 411 1348 etiam
431 1290 628 1367 virgultorum,
648 1292 694 1350 bis
711 1292 886 1368 praebeatur
910 1292 947 1351 ad
968 1291 1118 1369 rigandam

134 1394 208 1455 aqua
226 1374 383 1447 subiciens,
406 1386 436 1435 et
453 1394 506 1455 per
519 1394 609 1433 annos
628 1376 874 1452 piuresbabeatnr
892 1378 945 1434 ista
956 1376 1116 1456 diligentia,
1134 1430 1139 1437 ,

8 1466 9 1479 ’
86 1520 90 1525 ,
133 1471 355 1537 congregentur
372 1472 475 1519 'autem
503 1461 610 1519 sentino
638 1478 712 1539 qaae
739 1461 864 1520 collecta
889 1463 1007 1533 fuerint,
1037 1464 1119 1521 verbi

134 1548 228 1623 gratia
247 1546 381 1605 frumenti
398 1546 444 1605 rei
462 1544 564 1605 hordei
583 1546 759 1624 aliarumque
777 1548 940 1624 specierum
959 1548 1119 1625 persingu-

134 1632 178 1689 ios
196 1650 286 1691 annos
305 1633 437 1703 seorsim,
458 1630 552 1689 donee
571 1632 792 1709 uniuscuiusque
810 1633 926 1691 seminis
943 1642 1064 1691 acervus
1081 1631 1119 1691 sd

133 1726 249 1775 eentum
267 1716 440 1775 talentorum*
465 1715 576 1795 pondus
602 1714 777 1789 adscendet,
802 1728 858 1775 turn
886 1718 971 1776 etiam
998 1717 1119 1777 arbores

134 1801 409 1881 avulsae‘radicitus
426 1799 634 1880 adpendantur‚
656 1812 687 1859 et
712 1802 756 1860 iris
782 1802 912 1861 omnihus
939 1821 977 1861 ex
1003 1814 1118 1863 cratere

130 1887 234 1945 sumtis
252 1888 276 1945 si
295 1886 473 1967 adpendatur
489 1898 580 1957 terra,
600 1898 715 1945 centurn
733 1907 785 1946 sna
807 1888 987 1947 nibilominus
1009 1888 1119 1947 taienta

128 1973 213 2031 salva
239 1973 382 2031 restituet.
434 1971 516 2030 Unde
544 1992 616 2051 ergo
635 1970 762 2033 dicemus
789 1990 873 2032 omne
900 1971 968 2032 iiiud
994 1973 1115 2053 poadm,
1178 2031 1183 2042 ,

129 2074 304 2135 omnemque
322 2058 506 2135 quantitatem
525 2060 662 2117 seminum
681 2057 858 2120 diversorem
876 2069 962 2137 atquc
984 2059 1118 2118 arborum

133 2144 315 2203 admonisset
333 2136 598 2204 nonne-evidenter
614 2154 744 2224 apparet,
765 2146 831 2223 quia
849 2162 886 2203 es
903 2145 1003 2222 aquisi
1026 2144 1118 2207 Tam

133 2230 210 2297 enim
236 2228 312 2308 quod
330 2247 408 2288 suum
427 2240 485 2299 est,
514 2231 656 2306 integrum
674 2240 766 2300 tenet,
794 2248 868 2308 aqua
884 2247 957 2287 vero
975 2248 1047 2306 quae
1065 2247 1119 2307 per
1177 2267 1188 2286 .
1211 2273 1213 2276 -

133 2315 246 2392 singula
263 2315 371 2373 iniecta
390 2325 444 2385 est,
466 2329 599 2392 nusquam
619 2332 738 2390 prorsus
755 2324 812 2384 cst,
833 2313 869 2370 ob
888 2312 1118 2390 potentemdisi-

133 2419 188 2458 nae
208 2398 380 2458 conditionis
398 2401 552 2470 virtutem,
581 2415 654 2476 quae
682 2416 736 2477 per
760 2414 843 2455 unam
871 2417 963 2475 aquae
990 2399 1116 2476 speciem
1172 2433 1177 2437 -

133 2495 276 2544 tantorum
304 2485 441 2546 seminum
467 2483 712 2562 virgultorumquc
739 2493 770 2542 et
795 2482 968 2541 substantias
986 2494 1114 2560 reparat,

134 2580 165 2630 et
183 2571 297 2648 speeies
316 2571 430 2638 iermat,
452 2580 482 2627 et
499 2587 590 2646 genes
608 2568 732 2627 foenore
748 2568 937 2647 multipiicato
957 2567 1093 2629 eomedit,

177 2655 235 2714 28.
281 2655 330 2714 Eu
353 2655 452 2732 quibus
480 2651 608 2712 omuibus
635 2655 706 2711 satis
727 2651 896 2731 abundeque
914 2664 1015 2732 patere
1033 2663 1114 2733 puto,

8 2735 10 2772 ³
85 2795 89 2804 ,
133 2740 238 2799 artifici
257 2759 343 2798 sensu
361 2750 391 2797 et
409 2757 465 2798 non
483 2738 674 2798 irrationabiii
692 2749 812 2798 naturae
830 2757 920 2816 opere
939 2739 1117 2807 ounceottta
1182 2729 1190 2743 ⁸

134 2827 162 2884 ei
189 2837 219 2884 et
236 2826 369 2886 universa
388 2835 533 2884 constare.
581 2822 641 2883 Sed
659 2826 805 2883 veniamus
821 2820 935 2896 adbuc,
947 2826 973 2883 si
989 2816 1128 2897 videtur,'

134 2911 220 2969 etiam
238 2909 275 2968 ad
293 2921 430 2980 nostram,
450 2909 480 2967 id
499 2908 601 2968 estad
625 2910 748 2968 bominis
773 2909 969 2980 substantiam,
998 2911 1046 2988 qui
1072 2921 1118 2970 est

132 3011 237 3074 paratus
263 2995 292 3051 in
317 2995 376 3054 aiio
395 2993 524 3064 muudus,
545 3005 576 3052 et
594 2994 810 3052 consideremus
828 3005 932 3070 qnama
949 2996 987 3052 sit
1003 2997 1117 3053 ratione

133 3078 327 3154 corapositus3
349 3091 378 3137 et
396 3099 434 3138 ex
451 3080 507 3137 boe
526 3079 683 3156 praecipue
700 3079 868 3156 sapientiam
888 3077 1047 3136 conditoris
1072 3080 1116 3136 iu·

126 3163 327 3240 ·teiliges,tqui
347 3181 409 3222 eum
428 3181 465 3222 ex
483 3162 603 3222 diversis
621 3162 787 3222 substantiis
801 3172 927 3233 constet,
946 3161 977 3220 id
985 3172 1031 3220 est
1040 3181 1119 3220 mor-

8 3229 9 3250 ¹
77 3285 83 3306 ι
133 3249 191 3336 taiir
203 3259 233 3307 et
251 3249 414 3320 immortali,
434 3267 488 3326 per
505 3247 645 3306 artiiieem
663 3244 873 3327 providentiam
891 3246 1052 3305 conditoris
1069 3267 1117 3305 so·

127 3335 267 3394 ¹cietatom
288 3332 440 3392 diversitas
457 3353 514 3393 non
533 3333 652 3412 refugit,
672 3343 704 3392 et
721 3330 834 3411 quidem
861 3333 949 3410 longe
965 3352 983 3390 a
1000 3351 1033 3391 se
1047 3332 1117 3393 sub-

128 3421 246 3478 stantiis
263 3421 287 3492 ¹)
309 3419 424 3493 [alienis
443 3429 473 3478 et
492 3418 639 3493 divorsisl.
685 3417 753 3478 Atia
775 3437 895 3496 namque
914 3417 951 3476 do
968 3428 1049 3478 terre
1065 3416 1117 3476 ad·

44 3565 50 3572 ,
127 3505 252 3564 sumitur
270 3515 300 3562 et
317 3523 334 3564 a
353 3502 504 3564 conditore
523 3505 674 3575 formatur,
694 3503 751 3563 aiia
768 3520 838 3562 vero
857 3521 895 3562 ex
912 3503 1116 3562 immortalibus

134 3589 297 3648 substantiis
316 3587 409 3662 datur,
429 3609 484 3648 nee
502 3601 596 3648 tamen
615 3589 643 3648 ei
660 3606 715 3667 per
730 3586 926 3648 huiuscemodi
936 3589 1117 3647 coniunctio·

171 3791 196 3854 ¹)
217 3793 291 3847 Quae
301 3789 457 3842 auctoritate
467 3795 538 3842 codd.
547 3792 965 3841 Parisinorum'vetustissimorum
974 3791 1001 3840 iu
1015 3793 1115 3840 textum

130 3861 287 3922 recepimus,
305 3861 332 3908 in
348 3864 473 3928 uncises
490 3863 644 3911 includenda
662 3862 817 3910 curarimus.
