2634 4400
673 271 734 335 llil

595 365 806 375 α-ιἫ

128 507 131 526 ·
211 487 266 548 est,
286 473 338 536 sed
356 475 392 535 sit
410 475 491 534 nobis
510 473 643 546 studium,
663 487 695 533 ut
712 477 735 533 si
754 477 793 534 illi
814 479 860 556 qui
880 487 989 548 errant,
1009 479 1192 538 homicidium

210 581 267 620 uon
286 563 404 632 faciunt,
426 579 477 620 nos
497 579 533 618 ue
552 559 711 619 irascamur
728 557 857 639 quidem3
879 573 909 620 et
927 562 950 620 si
968 563 1010 620 illi
1021 562 1191 622 adulterium

210 667 267 706 non
286 645 447 716 admittunt,
468 667 520 704 uos
538 664 574 704 ne
594 647 829 723 concupiscamus
847 645 960 724 quidem
983 649 1104 707 alienam
1132 671 1192 708 mu-

212 733 329 805 lierem,
359 733 382 790 si
401 731 441 790 illi
460 742 554 790 amant
571 732 717 809 proximos
736 749 817 802 suos,
847 751 899 790 nos
927 732 1077 809 diligamus
1104 737 1192 792 etiam

209 817 341 875 inimicos
359 827 489 890 nostros3
510 818 534 875 si
553 817 593 874 illi
620 826 716 874 mutuo
744 813 812 877 dant
838 817 881 874 his
908 819 955 894 qui
983 818 1089 875 babent
1116 819 1191 878 unde

204 898 343 972 reddant,
364 921 416 960 uos
435 903 519 960 etiam
538 901 582 960 bis
602 897 700 959 demus
718 921 735 959 a
753 901 853 980 quibus
872 901 1192 981 recipere'nonspera-

210 1006 282 1045 mus.
329 985 365 1044 Et
383 1005 436 1065 per
455 988 549 1044 omnia
566 1005 619 1044 nos
638 987 686 1063 qui
707 988 819 1044 aeterni
847 987 955 1044 saeculi
982 987 1191 1046 haereditatem

210 1091 367 1150 speramus,
397 1069 532 1130 debemus
558 1071 739 1149 praecellere
766 1090 818 1130 eos
845 1072 892 1149 qui
919 1091 1057 1149 praesens
1083 1083 1191 1130 tantum

210 1157 354 1216 saeculum
373 1167 488 1227 norunt,
510 1158 646 1226 scientes,
669 1156 734 1233 quia
749 1156 993 1234 sioperaillorum
1004 1158 1110 1216 nostris
1121 1177 1192 1235 ope-

210 1241 288 1301 ribus
307 1241 421 1311 eollata,
441 1239 535 1300 indie
555 1238 651 1298 iudicii
667 1241 958 1299 similiainveuiantur
967 1261 1001 1298 ac
1011 1242 1100 1319 paria,
1123 1261 1192 1300 con-

186 1327 285 1388 ,lusio
305 1327 386 1385 nabis
405 1327 471 1397 erit,
493 1324 572 1405 quod
587 1327 722 1404 aequales
745 1326 904 1384 invenimur
930 1325 957 1384 iu
986 1328 1122 1404 operibus
1148 1327 1192 1385 bis

211 1415 258 1494 qui
275 1424 394 1494 propter
412 1413 602 1491 ignorantiam
621 1409 858 1484 condemnantur,
880 1422 910 1470 et
927 1411 1029 1470 nullam
1048 1421 1129 1490 spem
1148 1411 1192 1471 lu-

210 1501 266 1558 turi
285 1498 391 1560 saeculi
412 1497 581 1558 babuerunt.

255 1583 308 1644 11.
355 1585 392 1644 Et
401 1603 469 1644 rere
480 1584 565 1663 digna
576 1585 707 1644 conlusio
719 1596 773 1657 est,
786 1587 833 1643 ubi
845 1585 912 1642 nibil
924 1585 1040 1662 amplius
1051 1586 1192 1662 gessimus

210 1669 246 1731 ab
256 1671 299 1728 bis
309 1669 408 1748 quibus
418 1670 536 1749 amplius
546 1671 749 1730 intelleximus.
775 1669 890 1744 Quodsi
902 1671 1033 1728 confusio
1043 1670 1126 1727 nobis
1137 1671 1192 1728 erit

211 1757 346 1835 aequales
356 1757 398 1814 eis
407 1757 529 1816 inveniri
539 1758 566 1814 in
578 1756 714 1836 operibus
724 1755 818 1826 bonis,
831 1754 896 1834 quid
907 1756 962 1814 erit
971 1755 1063 1823 uobis,
1085 1755 1110 1810 si·
1119 1755 1193 1812 inie-

211 1843 303 1900 ricres
322 1861 374 1899 uos
393 1861 426 1900 ac
446 1839 608 1900 deteriores
627 1841 800 1899 examinatio
818 1842 912 1899 lutura
922 1840 1067 1919 reperiat?
1086 1838 1192 1896 Audite

211 1943 283 2003 ergo
294 1923 435 2004 quomodo
446 1925 481 1984 de
491 1927 535 1984 his
545 1945 597 1984 nos
608 1927 670 2004 ipse
679 1945 764 2004 perus
773 1925 916 2004 propbeta
931 1922 1085 1996 docuerit,
1095 1923 1131 1982 ad
1142 1944 1193 1982 cos

211 2012 343 2089 enimqui
353 2011 503 2088 negligunt
513 2006 611 2068 audire
621 2010 711 2068 verba
721 2011 892 2090 sapientiae,
906 2011 945 2067 ita
956 2011 1011 2066 ait:
1029 2011 1056 2082 1)
1082 2007 1193 2086 Regina

211 2096 298 2157 aust‘ri
309 2105 408 2174 surget
425 2098 454 2153 in
474 2093 579 2154 iudicio
599 2113 659 2154 cum
680 2096 869 2173 generatione
889 2093 941 2152 bar
953 2105 982 2152 et
992 2091 1194 2152 condemnabit

212 2204 286 2256 eam,
307 2183 373 2262 quia
390 2179 607 2241 venitalinibus
617 2191 714 2242 terrae
729 2179 829 2239 audire
839 2180 1006 2258 sapientiam
1017 2178 1191 2249 Salomonis,

137 2270 141 2277 '
211 2280 242 2329 et
251 2285 322 2329 ecee
340 2270 485 2350 plusquam
506 2266 640 2325 Salomon
656 2266 714 2337 bic,
736 2276 831 2324 etnou
843 2263 970 2323 audiunt.
1004 2261 1192 2324 Adeosvero

211 2357 258 2434 qui
276 2354 312 2413 de
330 2354 411 2413 malis
429 2352 539 2411 actibus
558 2370 664 2431 gerere
683 2350 888 2429 poenitentiam
908 2348 1124 2420 detrectabant,
1154 2351 1194 2407 ita

211 2442 265 2499 ait:
281 2442 309 2513 2)
333 2438 397 2498 Viri
415 2437 560 2496 Ninivitae
581 2446 702 2514 surgent
719 2438 748 2493 iu
776 2434 882 2502 iudicio
912 2454 975 2493 cum
1002 2436 1192 2513 generatione

210 2524 264 2583 bae
293 2535 323 2583 et
349 2518 569 2581 contemnabunt
597 2541 679 2592 eam,
709 2519 774 2601 quia
800 2522 1005 2599 poeniteutiam
1024 2530 1147 2599 egerunt
1165 2520 1194 2577 iu
1272 2572 1277 2581 .

210 2608 427 2688 praedicatione
446 2608 546 2679 lonae,
568 2617 596 2665 et
615 2622 687 2665 ecce
714 2606 777 2684 plus
804 2623 884 2683 quam
912 2599 981 2663 lona
999 2605 1057 2663 hic.
1103 2602 1195 2663 Vides

211 2705 294 2772 ergo
312 2690 453 2773 quomodo
481 2709 532 2750 eos
560 2692 607 2771 qui
634 2690 839 2751 erudiebantur
856 2709 893 2749 ex
911 2691 989 2768 lege,
1009 2688 1139 2748 adductis
1158 2690 1195 2748 ad

211 2780 369 2857 exemplum
389 2777 509 2853 illisqui
529 2795 565 2833 ex
583 2777 684 2853 gentili
694 2777 857 2853 ignorantia
871 2776 1034 2846 veniebant,
1056 2785 1194 2834 etosteu-

211 2862 281 2921 dous
309 2881 360 2921 eos
388 2876 442 2918 nee
462 2860 517 2917 illis
536 2860 670 2938 aequales
690 2879 754 2920 esse
774 2862 868 2937 quiin
888 2880 990 2919 errore
1007 2862 1094 2939 positi
1111 2856 1193 2919 vide-

210 2948 323 3018 bantur,
345 2968 382 3005 ex
400 2946 462 3023 ipsa
480 2954 586 3003 tautum
606 2945 819 3025 comparatione
832 2942 1020 3004 condemnat.
1067 2946 1111 3003 Ex
1130 2947 1193 3023 qui-

210 3030 261 3091 bus
282 3032 410 3092 omuibus
429 3050 524 3089 sermo
544 3050 626 3109 quem
645 3032 843 3110 proposuimus
861 3030 1045 3108 adprobatur,
1066 3042 1097 3088 ut
1107 3031 1194 3088 casti-

210 3120 315 3190 monia',
346 3136 417 3197 quae
445 3117 621 3194 aliquatenus
650 3118 734 3175 etiam
761 3116 796 3175 ab
824 3115 867 3173 bis
896 3116 942 3192 qui
961 3115 989 3171 in
1009 3135 1109 3173 errore
1128 3126 1193 3173 suut

108 3236 117 3243 -
211 3206 295 3282 positi
325 3201 501 3272 custoditur,
531 3202 617 3259 multo
645 3202 744 3279 purius
772 3211 801 3259 et
826 3201 962 3257 attentius
988 3218 1041 3277 per
1068 3200 1195 3277 singulas

211 3301 347 3367 quasque,
367 3290 443 3346 sicut
461 3306 547 3364 supra
564 3286 753 3357 ostendimus,
782 3286 896 3362 species
915 3306 932 3342 a
950 3286 1033 3343 nobis
1052 3286 1097 3364 qui
1117 3284 1194 3341 rcri-

211 3381 296 3429 tatem
316 3373 459 3449 sequimur
477 3380 625 3440 teneatur,
656 3389 691 3427 eo
712 3370 802 3447 magis
825 3391 880 3447 quo
909 3368 982 3448 apud
1010 3390 1062 3427 uos
1090 3368 1193 3426 obscr-

210 3456 322 3513 vantiae
342 3457 403 3513 eius
421 3456 547 3533 praemia
566 3466 686 3512 aeterna
704 3456 797 3532 posita
816 3467 891 3512 sunt.
1010 3450 1014 3466 '
1047 3457 1050 3461 ’

256 3538 307 3598 Ιὸ.
355 3538 433 3596 llaec
454 3540 543 3598 ethis
562 3539 663 3598 similia
683 3558 745 3606 eum
764 3539 894 3611 dixisset,
915 3539 1012 3598 turbas
1026 3538 1142 3608 dimisit,
1164 3550 1195 3596 et

211 3644 247 3683 ex
274 3644 352 3683 ruore
381 3643 442 3681 euru
471 3624 655 3683 laruiliaribus
683 3627 740 3683 suls
767 3626 832 3683 elbo
851 3636 943 3684 sumto
963 3626 1081 3703 quievit.
1129 3624 1191 3681 lloc

214 3772 370 3778 .----.....-.-.-
384 3770 424 3777 Η

249 3828 272 3882 1)
291 3828 380 3874 nunu
400 3832 440 3883 aa,
460 3832 500 3875 aa.
536 3831 595 3874 noe.
615 3833 655 3886 rr,
676 3832 715 3875 aa.

247 3895 272 3955 ²)
292 3898 352 3941 laur.
372 3899 412 3955 11,
433 3899 472 3943 32.
507 3896 597 3944 blattb.
619 3900 656 3953 12,
678 3900 719 3942 41.
