2634 4400
601 277 666 336 tlt
705 311 711 320 -

523 371 630 380 Μ.-
639 373 738 380 -----

135 482 256 560 eosqui
276 479 460 558 languoribus
478 481 522 540 vel
542 478 728 541 daemonibus
755 482 930 558 urgebantur
947 485 1063 556 ollcvri,
1092 498 1122 546 et

136 569 272 646 imposuit
290 568 332 624 eis
350 585 448 645 manus
467 585 530 632 cum
549 567 693 636 oratione,
713 576 798 644 atquc
820 568 860 627 ita
886 568 984 628 turbas
1000 569 1118 642 dimisit,

136 652 294 712 admonens
312 661 343 708 ut
360 649 397 711 ad
416 649 586 710 audiendum
605 649 722 708 verbum
741 651 841 709 diebus
860 652 960 730 quibus
982 655 1052 713 inibi
1069 655 1121 715 dc·

136 747 300 798 moraturus
318 745 407 806 esset,
429 735 657 814 frequentarent.
705 735 797 812 igitur
813 737 861 796 ubi
881 737 982 796 turbae
1004 740 1121 799 absees-

137 841 218 894 sere‚
235 821 341 880 Petrus
359 821 440 898 aquis
458 839 530 910 quae
558 821 586 878 in
614 819 700 885 horto
727 821 854 881 lloebaut
880 841 983 902 corpus
1010 823 1121 886 diluens

137 927 192 968 uua
213 926 275 966 eum
295 906 420 972 caeteris
438 905 610 976 volentibus,
632 906 707 964 bumi
725 907 815 965 sterni
834 908 916 966 iussit
936 909 988 967 sub
1014 909 1120 969 arbore

138 990 258 1070 quadam
278 992 358 1056 cuius
376 991 476 1050 umbra
494 1001 557 1050 erat
575 991 708 1069 plurima,
727 1001 759 1060 rt
776 991 944 1052 recumbere
956 1013 1121 1053 nossecuu·

138 1077 204 1136 dum
223 1075 352 1136 ordinem
370 1075 444 1154 opud
463 1075 635 1136 Caesaream
659 1086 794 1136 statutum
819 1079 978 1156 praecepit.
1024 1077 1120 1156 Atque
1153 1060 1192 1136 t'l

136 1163 178 1222 ita
197 1162 263 1220 cibo
282 1171 385 1232 sumto,
407 1160 603 1222 Hebraeorum
622 1162 680 1220 ritu
705 1161 814 1237 gratias
841 1181 932 1238 agens
957 1162 1026 1234 deo,
1055 1165 1121 1242 quia

137 1246 230 1306 adbuc
249 1244 528 1330 aliquantulumdiei
546 1256 709 1324 supererat,
730 1245 809 1304 iubet
826 1266 879 1316 uos
897 1245 934 1307 dc
953 1248 1053 1325 quibus
1069 1268 1120 1307 ve·

137 1333 221 1392 limus
239 1331 416 1409 percontari.
464 1330 589 1408 Cumque
609 1349 737 1394 essemus
756 1349 855 1390 omnes
872 1350 937 1390 eoru
954 1350 991 1391 eo
1004 1334 1118 1410 viginti,

137 1418 291 1496 unicnique
310 1415 346 1481 de
365 1435 419 1494 quo
439 1431 580 1493 quaerere
590 1413 681 1476 voluit
690 1415 862 1492 explanavit,
882 1418 1121 1494 quorumsiuguln

137 1519 269 1579 quaeque
288 1501 391 1560 libellis
410 1500 617 1577 comprehensa
635 1499 687 1558 tibi
705 1509 772 1558 ante
789 1500 846 1558 iam
868 1501 942 1559 misi.
988 1500 1119 1579 Vespere

136 1588 305 1646 artemiam
325 1587 402 1646 iacto
421 1586 545 1666 ingressi
562 1585 716 1663 hospitium
733 1603 797 1644 cum
824 1586 903 1662 ipso,
931 1586 990 1643 suis
1016 1587 1119 1663 quique

138 1671 214 1738 loeis
232 1667 434 1750 requievimus
620 1669 622 1674 '

386 2438 590 2523 triber
625 2437 873 2517 sextus.

184 2613 215 2673 l.
263 2609 317 2670 Ubi
335 2629 405 2669 vero
424 2608 638 2669 rarescentibus
656 2607 784 2667 tenebris
794 2607 920 2684 'primum
940 2592 1003 2661 dies
1021 2601 1119 2680 eoepit

139 2698 272 2776 prolerre
292 2695 501 2773 crepusculum,
523 2693 624 2771 Petrus
651 2694 790 2752 orationis
817 2692 911 2768 gratia
937 2690 1048 2747 bortum
1075 2690 1118 2743 in-

139 2802 268 2859 gressus,
290 2778 403 2840 atinde
422 2777 577 2856 egrediens
594 2789 680 2856 atque
698 2775 864 2855 ingrediens
882 2775 959 2833 velot
977 2792 1118 2831 excusare

139 2867 221 2926 nobis
238 2864 401 2935 videbatur,
422 2863 496 2942 quod
515 2864 623 2923 turbius
650 2864 736 2922 solito
763 2861 903 2938 evigilans
929 2860 1056 2917 venisset
1081 2857 1118 2915 ad

69 2956 73 2964 '
138 2970 202 3013 uos.
257 2949 363 3008 Aiebat
387 2968 477 3027 ergo:
508 2948 561 3007 Ubi
587 2949 665 3009 veris
691 2960 800 3025 tempus
827 2947 987 3021 longiorem
1011 2943 1118 3001 'fecerit
1229 2991 1233 3002 .

138 3036 227 3102 diem,
247 3052 369 3091 necesse
388 3046 433 3093 est
450 3044 483 3091 ut
499 3053 557 3093 nor
574 3032 693 3091 brevior
709 3033 774 3101 bats
804 3029 891 3105 siquis
919 3045 990 3102 ergo
1008 3024 1118 3083 studio·

138 3138 199 3177 rum
219 3136 319 3175 caussa
338 3119 431 3177 noetis
449 3115 555 3196 aliquid
573 3134 716 3194 occupare
735 3112 890 3178 desiderat,
920 3129 976 3167 non
995 3110 1117 3171 inomni
1155 3149 1163 3162 ,

137 3216 268 3281 tempore
288 3200 403 3259 easdem
421 3202 506 3260 boras
524 3201 679 3260 observare
697 3198 785 3264 debet
801 3196 836 3261 ad
853 3192 1037 3270 vigilandum,
1066 3192 1118 3254 sed

139 3287 240 3348 eadem
259 3288 397 3366 temporis
415 3289 517 3365 spatia,
539 3289 598 3345 sive
617 3285 735 3344 brevior
755 3285 816 3337 sivo
844 3278 958 3355 longior
984 3280 1021 3336 sit
1047 3297 1115 3349 uox,

133 3372 306 3431 dormiendo
320 3368 495 3431 ⁴consumere
515 3384 544 3431 et
563 3390 666 3435 curare
678 3383 866 3443 magnopere,
888 3381 1118 3442 nepraesumeoo

140 3478 177 3516 ex
195 3458 237 3525 bis
256 3458 355 3535 spatiis
374 3476 446 3534 quac
465 3456 573 3515 babere
592 3455 628 3514 ad
637 3449 806 3519 studendum
816 3450 902 3519 solet,
923 3448 1117 3508 oddataomno

139 3552 170 3601 et
187 3540 321 3618 vigilandi
341 3552 450 3619 tenipus
469 3543 622 3609 imminuat.
669 3534 884 3608 Observandum
898 3553 1018 3611 nomque
1036 3543 1066 3590 et
1084 3534 1118 3591 il·
1183 3590 1187 3595 ,

139 3626 186 3685 lud
213 3638 269 3697 est,
298 3644 335 3689 ne
362 3628 437 3684 lovte
465 3628 488 3684 si
515 3622 637 3683 nondum
657 3620 787 3682 decoctis
806 3620 877 3677 cibis
896 3622 1118 3694 interrumpatur

139 3731 264 3781 somnus,
285 3711 455 3789 indigestum
475 3729 579 3789 eorpus
597 3706 737 3784 adgravet
754 3716 890 3774 mentem,
910 3714 940 3761 et
948 3702 1053 3759 crudos
1066 3700 1117 3758 ad-

133 3798 193 3855 -buc
212 3797 346 3855 exhalans
373 3796 488 3873 spiritus
506 3794 674 3869 interiorem
700 3810 813 3851 sensum
841 3788 988 3846 confusum
1015 3783 1117 3843 reddat

138 3900 173 3937 ae
194 3878 344 3937 turbidum.
393 3879 510 3942 Rectum
530 3898 601 3955 ergo
621 3886 714 3935 estut
737 3874 910 3951 competenti
938 3873 1024 3930 etiam
1050 3890 1116 3949 pars

420 3967 478 4021 lll‘
