2634 4400
674 233 698 308 'e

200 447 316 516 dicens:
336 451 443 514 Audite
460 446 518 526 me,
538 474 556 512 o
575 454 653 512 cives
663 452 798 527 Romani,
817 452 892 512 lilius
911 451 958 512 dei
976 450 1060 512 adest
1073 455 1102 514 iu
1115 466 1181 534 par*

199 541 275 600 tibus
294 538 428 612 Iudaeae,
448 540 617 619 promittens
636 539 764 598 omnibus
781 537 943 598 volentibus
960 536 1060 598 audire
1074 558 1119 611 se,
1138 541 1182 599 vi·

130 697 132 702 s
200 637 257 685 tam
275 635 433 696 aeternam,
463 626 486 683 'si
506 625 568 703 quis
586 632 681 682 tarneu
700 621 854 683 secundum
872 623 1047 682 voluntatem
1066 626 1144 697 eius,
1164 645 1182 683 a

182 717 257 790 ·‘quo
280 711 381 768 missus
409 719 454 768 est
480 708 526 768 dci
553 711 642 790 patris
664 720 745 768 actus
768 729 835 767 suos
858 708 1009 767 direxerit.
1060 707 1183 788 Propter

201 793 277 874 qdod
295 796 494 854 convertimini
512 815 529 854 a
546 795 626 852 rnalis
645 793 681 852 ad
699 793 790 866 bona,
810 813 828 852 a
848 794 1052 873 temporalibus
1074 795 1111 853 ad
1132 815 1201 854 are-1

199 892 294 940 terna.
339 874 500 958 Agnoscite
518 896 601 937 uuum
621 896 686 938 esse
710 875 791 937 doum
815 880 891 937 coeli
913 890 1067 957 terraeque
1086 891 1183 938 recto-

200 985 273 1036 rem,
285 965 313 1022 iu
324 967 403 1024 cuius
422 961 503 1022 i'usti's
521 962 703 1042 adspectibus
720 982 771 1023 vos
790 964 885 1021 iniusti
903 962 1034 1022 muudum
1053 959 1115 1023 eius
1133 965 1184 1023 lra-

200 1050 309 1108 bitatis.
357 1048 417 1107 Sed
439 1049 463 1106 si
482 1049 681 1107 convertimini
708 1059 738 1106 et
760 1047 915 1106 secundnm
932 1049 1106 1108 voluntatem
1121 1051 1183 1108 eius

202 1135 300 1210 agitis,
329 1132 363 1192 ad
383 1135 505 1192 l'utu'rum
529 1134 672 1192 saeculum
698 1135 849 1192 venientes
876 1137 906 1192 et
932 1134 1044 1192 aeterni
1072 1135 1181 1206 ellecti,

139 1204 440 1276 ineffabilibus
411 1237 472 1277 erus
490 1218 573 1276 bouis
591 1238 625 1276 ac
648 1220 782 1297 praemiis
803 1219 1000 1296 perfruemini
1045 1218 1117 1277 Erat
1134 1239 1184 1277 au-

177 1327 185 1434 q
203 1311 261 1361 tem
279 1289 408 1374 viriste,
429 1305 476 1384 qui
495 1303 567 1361 baec
585 1303 757 1384 quuebatur
774 1302 810 1362 ad
828 1304 976 1381 populum,
1002 1322 1039 1362 ex
1058 1303 1184 1362 Orientis

180 1385 341 1467 partibus,
362 1389 479 1446 natione
497 1387 657 1460 Hebraeus,
678 1389 792 1447 nomine
807 1379 963 1460 Barnabas,
981 1389 1028 1468 qui
1047 1406 1079 1448 se
1098 1390 1183 1448 etiarn

203 1491 287 1530 uuum
307 1489 344 1530 ex
366 1473 427 1532 citis
454 1471 600 1551 discipulis
620 1493 686 1532 esse
705 1472 835 1546 dicebat,
864 1475 1035 1552 missumque
1058 1473 1094 1532 ob
1114 1473 1182 1545 boc,

176 1540 184 1600 i
204 1567 234 1615 ut
252 1557 323 1614 baec
343 1557 501 1616 volentibus
520 1556 672 1616 iudicaret.
719 1558 826 1631 Quibus
845 1578 901 1635 ego
920 1557 1035 1631 auditis,
1052 1579 1114 1617 cum
1136 1578 1184 1618 re·

203 1641 280 1718 liqua
297 1641 475 1699 multitudine
493 1642 574 1718 sequi
593 1658 656 1699 cunr
676 1644 760 1721 coepi
780 1654 809 1700 et
826 1642 942 1714 audire,
968 1663 1041 1722 quae
1060 1642 1182 1703 diceret.

204 1724 403 1802 Intelligebam
430 1743 499 1783 saue
523 1722 597 1802 quod
616 1725 685 1783 urlril
708 1725 879 1786 dialecticae
900 1722 970 1786 artis
989 1729 1094 1786 esset
1085 1739 1113 1786 ιι
1133 1728 1186 1786 lro·

109 1877 116 1882 ,
204 1811 295 1880 ιιίιι,
325 1807 376 1868 'sed
404 1809 571 1888 simpliciter
596 1817 627 1869 'et
657 1809 765 1888 absque
791 1802 849 1870 ullo
876 1804 990 1871 dicendi
1013 1813 1091 1884 inco,
1113 1824 1186 1892 quae

204 1889 333 1953 audisset
357 1913 375 1952 a
401 1894 459 1952 lilio
487 1891 534 1952 dei
550 1893 606 1953 vel
623 1893 754 1965 vidisset,
778 1907 949 1978 exponeret.
995 1895 1186 1956 Adsertiones

183 1980 281 2047 ‘enim
300 1986 365 2037 s'uas
383 1995 440 2036 uon
459 1989 691 2056 argumentorum
709 1981 814 2038 virtute
833 1982 987 2053 muniebat,
1012 1981 1064 2040 sed
1081 1982 1187 2041 verbo·

184 2067 267 2144 {rum
286 2075 316 2121 et
333 2063 511 2136 mirabilium,
533 2073 606 2142 quae
624 2054 818 2136 adnuntiabat
839 2075 929 2124 testes
943 2025 1056 2138 auditos,
1077 2067 1186 2145 enipso

181 2145 291 2208 I'etiam
312 2150 514 2208 circumstante
533 2150 649 2231 populo,
670 2149 859 2229 producebat.

249 2232 282 2293 8
328 2234 435 2293 Verum
456 2232 586 2313 quonlam
605 2234 641 2294 ad
659 2254 706 2306 ea,
728 2255 800 2315 quae
818 2238 933 2295 sincere
952 2234 1132 2308 dicebantur,
1152 2238 1187 2295 li·

205 2319 310 2379 beuter
335 2334 462 2379 annuere
489 2320 608 2403 populus
636 2330 666 2379 et
691 2322 824 2400 amplecti
846 2338 1012 2381 sermonem
1031 2323 1186 2401 simplicem

206 2405 315 2483 coepit,
336 2404 364 2462 bi
383 2406 430 2483 qui
448 2404 502 2463 sibi
521 2402 625 2464 eruditi
643 2404 850 2465 videbantur
834 2408 880 2465 tel
897 2406 1070 2485 philosophi,
1090 2405 1188 2465 ridere

206 2490 349 2546 homiuem
367 2508 401 2546 ac
421 2507 560 2567 spernere
587 2508 725 2569 coepere,
755 2501 785 2550 ct
811 2492 1076 2569 syllogismorum
1069 2512 1096 2549 ru
1124 2510 1187 2551 eum

206 2571 367 2630 tendiculas
385 2573 463 2631 velut
481 2571 652 2633 'validissima
670 2593 747 2633 arma
765 2577 918 2657 prolerre.
936 2575 977 2633 Aa
1001 2578 1050 2634 ille
1072 2577 1189 2633 interri-

206 2668 253 2715 tus
272 2666 301 2716 et
319 2660 396 2715 velut
414 2656 599 2717 deliramenta
617 2661 745 2737 argutias
764 2678 861 2718 eorum
881 2646 1001 2730 ddecus,
1021 2678 1058 2717 ue
1068 2678 1189 2738 respon

207 2742 290 2800 sione
309 2740 421 2819 quidem
441 2742 543 2820 dignos
565 2742 726 2816 iudicabat,
750 2743 802 2803 sed
829 2764 864 2803 ea
891 2763 963 2822 quae
985 2745 1187 2823 proposuerat,

208 2826 420 2905 exsequebatur
454 2826 626 2929 intrepidus
670 2826 803 2907 Denique
826 2848 889 2887 cum
908 2829 1036 2907 loqueuti
1062 2830 1091 2887 ci
1128 2830 1189 2907 qui-

206 2910 271 2968 darn
299 2914 510 2991 proposuisset,
541 2929 592 2972 cur
618 2904 658 2972 ita
685 2915 777 2972 lactus
796 2924 875 2973 esset
893 2912 992 2985 culex,
1021 2924 1052 2971 ut
1070 2933 1134 2971 cum
1152 2914 1190 2972 sit

207 2984 311 3053 animal
330 2996 474 3074 exiguum,
504 3009 534 3057 et
552 3018 604 3057 sex
622 2998 727 3057 babeat
743 2990 874 3099 pedes,
865 3018 984 3077 rnsuper
999 2997 1115 3057 additae
1133 2999 1191 3057 siut

208 3081 237 3139 et
256 3087 286 3139 et
303 3081 377 3153 alac,
407 3082 573 3161 ele'pbantus
591 3101 662 3142 vero
685 3102 748 3143 curn
770 3084 808 3143 sit
829 3085 950 3144 immane
972 3085 1075 3143 animal
1097 3100 1190 3162 neque

208 3155 268 3223 ¹ala's
287 3165 402 3239 habeat,
424 3177 557 3245 quattuor
574 3177 681 3228 tantum
699 3169 789 3248 pedes
808 3170 922 3229 babeat.
968 3168 1015 3227 At
1042 3170 1114 3228 baec
1141 3168 1190 3226 ille

209 3267 247 3307 ue
261 3243 559 3351 respicieuslquiden'r‚
580 3273 741 3312 sermonem
760 3250 850 3324 suum,
864 3253 946 3332 quenl
956 3256 1192 3330 importunapro·

209 3334 315 3411 positio
334 3336 537 3415 interruperat,
567 3340 732 3398 continuata
750 3339 910 3398 intentione
937 3336 1107 3415 peragebat,
1137 3337 1190 3393 bae

210 3418 272 3476 sola
289 3417 482 3504 admonitione
501 3422 688 3500 persingulas
699 3442 825 3500 quasque
842 3418 1189 3500 interruptionesaddita:

210 3500 272 3560 Nos
292 3505 353 3561 eius
373 3498 419 3583 qui
438 3506 513 3563 misit
532 3526 595 3576 nos,
615 3506 704 3565 terba
722 3506 1003 3585 factaquemirabilia
1017 3504 1191 3563 adnunciare

209 3587 318 3645 vobis'
310 3610 338 3645 ru
357 3588 494 3647 mandatis
513 3550 659 3662 babeinus,
689 3588 831 3689 fidemque
850 3611 948 3649 eorum
967 3608 1040 3667 quae
1059 3587 1190 3661 dicimus,

210 3682 267 3729 'nou
286 3682 324 3731 ex
342 3676 516 3751 argumentis
534 3685 596 3733 arte
616 3667 767 3753 quaesitis,
788 3675 841 3735 sed
859 3695 896 3734 ex
922 3674 1038 3732 vobis
1030 3674 1098 3752 rpsis
1125 3692 1192 3751 pro·
1270 3740 1274 3753 Ι

194 3756 305 3827 ,ductis
323 3759 443 3817 testibus
463 3759 645 3819 confirmare.
691 3758 830 3839 Agnosco
845 3761 919 3818 euim
929 3760 1065 3838 plurimos
1077 3757 1191 3818 adstare

191 3879 196 3895 ,
213 3857 241 3899 ιι
259 3841 354 3904 medio
372 3853 496 3904 vestrum
515 3862 552 3902 ox
571 3844 626 3917 bis,
648 3844 939 3925 quosuuauobiscun'r
949 3845 1063 3905 memini
1055 3843 1191 3904 audisse
