2634 4400
635 131 830 247 ee'

168 369 288 435 sulutem
315 385 393 428 suam
419 376 550 438 venerut,
579 363 691 434 dicens,
738 363 770 434 lu
788 367 1043 445 tuntumpneqnttiu
1061 368 1150 429 nato.

167 475 229 514 unm
247 453 412 516 ministeriis
429 453 517 523 iulet,
548 449 623 536 qued
641 451 697 512 uisi
715 452 857 529 sapientie
875 449 923 516 dei
941 450 1081 517 adfuisset
1106 453 1150 510 iris

169 541 216 618 qui
234 537 355 622 diiignnt
371 539 534 608 veritatem,
555 555 653 604 omnes
671 553 766 615 paene
784 534 865 594 simui
884 537 986 615 impius
1005 555 1090 595 error
1106 539 1150 596 in·

131 631 134 642 “
167 624 309 691 volveret.
355 621 417 688 Nes
443 640 516 701 erge
542 623 650 713 primes
673 621 764 706 elegit
785 618 936 686 duodecim
954 621 1009 685 sibi
1027 620 1150 687 eredens

168 721 224 782 tes,
245 729 315 788 ques
332 705 490 810 Apostolus
509 708 675 777 neminavit,
696 704 875 786 postmodum
885 707 958 764 eiius
967 708 1151 789 septuaginta

145 791 240 866 ‚dues
258 792 473 872 probatissimos
492 791 664 870 discipulos,
692 801 723 848 ut
749 791 794 854 rei
821 790 877 849 bne
895 789 980 850 medo
998 793 1152 869 recognita

167 879 294 957 imagine
319 877 429 958 Moysis
457 875 594 943 erederet
619 874 785 946 multitude,
815 877 881 959 quia
907 877 954 943 hie
982 887 1037 947 est,
1067 895 1151 955 quem

167 962 313 1051 praedixit
329 961 447 1042 Meysen
464 971 613 1026 venturum
631 960 812 1040 prophetem,

210 1047 267 1115 dl,
314 1045 375 1112 Sed
401 1047 531 1110 fortassis
559 1044 638 1109 dieat
663 1046 777 1124 aliquis,
798 1047 864 1124 quie
881 1048 986 1106 imitari
1005 1065 1151 1110 numerum

169 1135 337 1220 euieuruque
355 1131 493 1212 possibile
512 1141 574 1204 ests
595 1141 625 1194 et
643 1129 761 1209 quidde
779 1132 869 1209 siguis
893 1143 922 1190 et
938 1131 1090 1190 virtutihus
1108 1128 1152 1188 di·

169 1228 230 1290 eet,
250 1235 323 1296 quae
342 1217 396 1281 iste
415 1217 560 1282 faciebat?
587 1215 701 1282 Etenim
722 1215 842 1295 Moyses
858 1217 986 1283 virtutes·
997 1225 1028 1281 et
1045 1217 1152 1284 sunites

167 1313 214 1366 tes
232 1301 346 1368 fecerat
362 1300 391 1360 in
408 1298 557 1382 Aegypto,
605 1300 632 1368 le
655 1301 793 1383 queque„
814 1319 895 1380 quem
923 1302 987 1379 ipse
1008 1299 1152 1380 praedixit

169 1387 245 1448 sieut
261 1405 293 1452 se
310 1386 610 1465 ipsumsurreetururn
620 1385 806 1465 ‘prophetam
828 1405 891 1444 eum
907 1403 1018 1445 omnem
1033 1386 1152 1462 iungun-

169 1490 231 1538 rem
250 1483 281 1530 et
298 1490 410 1532 emnem
429 1471 621 1539 infirmitatem
641 1470 758 1535 eui-uret
775 1472 804 1536 in
823 1470 920 1549 plebe,
941 1472 1061 1537 virtutes
1072 1472 1153 1536 iace,

72 1615 76 1625 ,
168 1568 216 1622 ret
233 1557 406 1627 innumerus,
426 1557 511 1616 vitam
531 1557 746 1634 evangelizaret
763 1567 922 1626 aeternam,
942 1555 978 1613 ai)
996 1557 1090 1633 impiis
1103 1573 1153 1621 uns

164 1651 215 1706 tus
233 1643 325 1708 estin
343 1649 477 1716 erucem3
498 1637 573 1729 quod
591 1651 685 1708 tamen
704 1641 810 1698 iactum
828 1644 934 1706 virtute
949 1642 1011 1699 eius
1030 1657 1153 1698 eonver-

169 1745 230 1791 surn
249 1727 339 1790 estin
357 1724 473 1791 bunum,
520 1723 651 1803 Denique
668 1744 730 1789 euru
745 1735 905 1804 peteretur,
927 1727 1017 1784 umuis
1032 1726 1059 1784 ei
1074 1744 1152 1782 cuma
1173 1729 1178 1737 '

169 1831 270 1890 passus
289 1821 333 1870 est
350 1809 483 1884 muudus3
513 1829 577 1878 nuru
597 1821 626 1872 et
644 1811 687 1878 sui
707 1810 877 1875 obscuratus
899 1821 955 1882 est,
984 1821 1152 1887 montesque

163 1892 303 1974 disrupti,
333 1905 363 1954 et
390 1895 523 1974 sepulcra
546 1895 693 1973 pateiaetn
710 1906 786 1966 suut,
805 1896 898 1962 retum
916 1896 1016 1974 tempii
1034 1897 1152 1961 scissum

171 1991 226 2052 est,
246 1981 335 2048 velut¹
351 1979 508 2053 lamentans
535 1979 678 2045 excidium
705 1982 773 2038 iuee
798 1982 958 2047 imminens,
988 1980 1042 2063 *Et
1059 1991 1153 2040 tanuen

171 2085 234 2130 cute
254 2065 344 2127 omnis
363 2063 481 2132 muudus
500 2076 657 2130 commotus
675 2067 723 2136 sit
752 2067 807 2155 ipsi
826 2067 988 2132 etiamnune
1011 2064 1047 2133 ud
1061 2067 1154 2147 inqui,

171 2151 304 2219 sitiunem
322 2161 463 2219 mutarum
480 2169 576 2213 rerum
595 2151 756 2219 nuliatenus
775 2162 1001 2219 commoventur,

212 2234 269 2298 te.
316 2234 423 2297 Verum
451 2238 583 2315 queniam
610 2237 806 2295 necessarium
834 2247 916 2307 erut,
946 2248 977 2298 ut
1003 2238 1032 2295 iu
1059 2238 1153 2303 ioeum

172 2340 271 2387 eurum
299 2323 345 2408 qui
373 2316 515 2383 inereduli
543 2322 765 2401 permanebant,
793 2319 968 2391 vocarentur
990 2334 1103 2401 gentes,
1123 2333 1154 2379 ut

170 2408 335 2485 repleretur
361 2407 409 2469 iile
437 2404 570 2474 numerus
598 2408 645 2485 qui
664 2404 875 2474 demonstratus
893 2408 989 2476 iuerat
1005 2404 1151 2476 Abrahae.

170 2493 291 2557 mittitur
309 2493 337 2551 iu
355 2493 516 2557 universum
535 2490 667 2552 muudum
685 2492 817 2550 salutaris
835 2494 919 2572 regui
938 2492 985 2552 dei
1003 2491 1154 2571 praedices

130 2612 138 2629 .
170 2578 233 2643 tio„
271 2576 478 2642 Perturbautur
496 2576 532 2634 ob
551 2576 606 2635 hoe
626 2574 758 2637 mundani
777 2578 905 2655 spiritus,
926 2580 973 2661 qui
992 2578 1154 2638 libertatem

173 2662 379 2739 quaerentibus
396 2680 512 2739 semper
529 2659 681 2730 obsistunt,
703 2660 787 2721 etad
805 2661 1006 2728 destruendam
1018 2661 1154 2722 notaret.

171 2744 335 2812 ficationem
363 2764 493 2807 errorum
520 2744 666 2803 machinas
693 2758 843 2823 quaerunt,
873 2750 973 2827 quihus
992 2750 1031 2819 hi,
1053 2749 1099 2826 qui
1118 2746 1154 2804 ad

172 2831 270 2896 salutis
298 2843 327 2891 et
353 2830 494 2889 libertatis
518 2828 639 2905 giemum
658 2830 788 2904 tendunt,
810 2834 983 2902 obsistentes
998 2844 1028 2893 et
1045 2850 1155 2909 agones

172 2914 322 2981 adversum
341 2934 392 2974 eus
410 2933 467 2973 non
487 2914 615 2973 minimos
630 2912 813 2990 desudantes,
834 2920 971 2980 tortiores
989 2918 1098 2987 ed’eeti,
1119 2915 1156 2975 nd

172 3000 270 3059 salutis
289 3018 427 3059 neronum
446 2998 562 3063 ueniant
588 3019 644 3064 nen
668 3002 730 3065 siue
749 3004 842 3082 palma
860 3005 1012 3063 vietor-iae.
1039 3002 1154 3061 interim

173 3104 236 3145 eum
255 3103 355 3164 passus
373 3091 462 3151 esset,
492 3092 522 3141 et
539 3083 574 3142 ab
594 3083 666 3145 itura
684 3099 765 3147 sextu
784 3089 928 3169 usquead
954 3110 1057 3148 nouum
1076 3108 1156 3144 muru,

173 3166 238 3230 dum
256 3168 397 3234 tenebrae
416 3169 599 3245 pressissent,
620 3172 807 3236 soiereddito
825 3194 860 3240 ae
878 3174 964 3240 nehus
982 3175 1011 3240 in
1027 3171 1155 3238 ordinem
1258 3185 1268 3196 ¹·
1309 3181 1310 3186 ’

173 3254 324 3322 restitutis,
354 3254 440 3309 etiam
467 3252 595 3317 homines
622 3278 743 3337 nequem
764 3256 800 3315 ad
827 3277 859 3316 se
884 3268 970 3335 atque
997 3254 1033 3314 ud
1060 3274 1155 3314 mures

143 3407 147 3415 1
173 3357 240 3395 suos
254 3347 344 3417 ¹metu
372 3348 503 3403 cessante
530 3345 658 3419 regressi
685 3352 760 3406 suut.
815 3341 888 3399 Nnm
915 3338 1028 3417 quidam
1056 3358 1155 3402 eorum

174 3440 238 3482 enm
266 3422 341 3480 omni
370 3422 500 3485 custodia
527 3438 675 3491 servantes
701 3427 810 3495 iorum.
840 3443 922 3503 quem
950 3445 1006 3483 uun
1034 3435 1156 3502 potuere

173 3518 374 3585 resurgentem
410 3519 533 3584 tenere,
579 3529 691 3588 magum
728 3507 882 3583 dieebent;
930 3511 977 3571 eiii
1014 3510 1157 3578 tinxerunt

172 3592 305 3659 iuratum,
625 3591 628 3596 ’
1074 3629 1079 3641 ι

214 3673 271 3737 45.
317 3673 519 3742 Veruntamen
545 3683 652 3741 veritas
688 3680 792 3760 ubique
818 3681 963 3748 vincebat,
1009 3678 1056 3739 Ad
1082 3679 1156 3737 indi.-

167 3762 242 3824 eiuru
261 3764 347 3836 euim,
368 3764 454 3844 'quod
472 3766 543 3827 haee
572 3764 668 3829 divina
693 3770 800 3828 virtute
825 3779 995 3846 agerentur,
1026 3787 1077 3828 uos
1109 3768 1156 3844 qui
