2634 4400
121 481 187 539 nati
206 490 281 553 eunt,
303 496 358 540 noe
376 482 527 561 proposito
546 483 658 543 incitati
681 482 719 543 nd
745 480 925 561 pectendum
954 482 1111 547 devolvun-

121 577 178 639 tur,
199 566 242 625 bin
259 566 390 625 veiocior
408 578 438 625 et
455 568 545 646 mugio
564 568 591 626 in
609 570 756 649 praetenti
772 571 831 627 vita
848 568 979 634 redditur
992 589 1107 651 poemen

120 651 226 731 ubique
246 654 320 711 euim
340 662 370 711 et
392 668 507 732 semper
525 651 595 713 deon
613 665 699 735 prout
717 664 883 735 competere
902 654 1020 728 iudicat,
1040 658 1112 717 nni·

122 738 225 816 eoique
244 756 295 816 pro
315 737 427 798 actibus
445 740 503 799 euin
522 737 627 799 reddit.
676 739 783 799 Eorum
801 758 872 800 vero
890 742 938 819 qni
955 744 1109 821 proponite

122 833 262 882 exercent
280 822 425 894 maiitiam,
446 822 487 883 ita
504 835 535 883 ut
552 822 694 884 interdum
714 826 799 886 etiam
826 828 856 884 in
883 845 935 886 eor
962 828 1106 903 eueniant,

121 928 138 967 a
156 907 256 986 quibua
274 909 349 968 bona
368 910 536 991 consequuti
556 921 630 983 nunt,
652 922 683 971 et
700 912 801 971 nniium
813 911 1109 973 recordationemco-

115 994 202 1073 -piunt
220 992 257 1052 ed
274 982 492 1073 poenitentiam,
513 994 611 1055 diiiert
628 1014 737 1076 poenas
755 997 784 1055 in
802 998 943 1072 inturum3
964 1000 1107 1059 nonenim

120 1089 268 1139 merentur
286 1081 332 1143 icti
351 1080 425 1140 nient
442 1080 483 1139 iiii
502 1079 539 1141 de
563 1082 663 1161 quibut
690 1102 778 1163 cupro
805 1082 938 1156 diximus,
966 1085 995 1142 in
1022 1102 1110 1165 prue-

120 1164 195 1225 senti
213 1164 271 1224 vita
289 1165 430 1226 socier-mn
450 1186 562 1227 suorum
582 1168 666 1227 linire
682 1166 848 1239 vindictum,
868 1168 920 1229 sed
934 1170 1109 1248 permittitur

121 1250 163 1310 ein
181 1266 320 1329 praesens
339 1261 450 1330 ternpus
470 1252 588 1331 implere
607 1254 764 1323 ninnium,
785 1254 851 1333 quia
870 1253 1033 1315 emendatio
1055 1275 1109 1317 eo·

120 1354 181 1395 rum
200 1354 257 1397 non
277 1338 488 1408 cantaneto,
510 1347 590 1417 quae
602 1339 805 1418 temporalibus
822 1338 954 1417 indigeat
981 1343 1109 1420 centiga-

8 1492 19 1503 ,‚
119 1421 256 1493 tionibus,
277 1420 329 1483 scd
347 1440 420 1501 quoe
439 1425 551 1482 aeterni
570 1420 645 1501 ignis
663 1425 693 1482 in
716 1422 830 1483 inferno
858 1425 958 1502 exigat
984 1443 1105 1505 poenae,

120 1523 238 1586 quorum
257 1508 367 1567 animae
386 1507 424 1567 ibi
443 1508 648 1588 poenitentiam
667 1520 818 1588 quaerent,
839 1509 887 1569 obi
905 1510 1036 1571 invenire
1051 1531 1107 1573 nou

118 1601 266 1672 poterunt.

165 1678 220 1739 tt.
269 1678 350 1759 Quod
369 1680 393 1739 si
411 1680 439 1739 in
458 1679 511 1740 bac
530 1680 588 1741 rita
606 1680 694 1760 positi
712 1682 777 1741 idae
800 1700 871 1762 quae
896 1678 936 1741 ibi
963 1682 1108 1761 patientur

118 1782 240 1843 poenus,
261 1775 327 1824 ante
346 1765 446 1825 oculos
465 1765 639 1844 potuissent,
659 1763 859 1828 rcirenasseut
875 1768 973 1846 utique
992 1766 1107 1830 deside·

119 1850 164 1911 riu
182 1861 212 1909 et
230 1850 306 1909 nuiio
325 1860 410 1931 puoto
430 1850 606 1912 decidissent
624 1854 652 1911 in
676 1862 837 1931 peecatum.
883 1848 1002 1912 diuitum
1030 1854 1107 1913 enim

119 1945 216 2014 potest
233 1954 334 1995 seusus
352 1938 379 1993 in
399 1936 491 1996 anima
510 1935 547 1997 ad
564 1936 741 1998 resecandas
759 1956 859 1999 omnen
886 1940 948 1999 eiua
967 1938 1108 2019 cupidita·

103 2032 177 2091 ten,
197 2022 319 2081 maximo
338 2040 401 2081 cum
421 2023 589 2083 coelestium
609 2025 759 2085 scientiam
778 2026 923 2105 coeperit,
952 2042 1006 2104 per
1023 2043 1106 2105 quum

119 2106 225 2166 lumine
242 2108 372 2169 renituit
391 2120 525 2188 accepto,
548 2110 583 2168 ab
603 2112 679 2169 omni
698 2110 877 2170 obscuritate
895 2111 1034 2169 maiorum
1057 2128 1108 2169 nc·

119 2204 196 2252 tuum
216 2190 381 2254 declinabit.
430 2194 604 2254 sicutenim
628 2196 672 2263 uui
700 2213 798 2258 cuneo
825 2194 923 2254 stciion
950 2193 1107 2274 splendore

120 2277 162 2337 sui
182 2279 302 2358 fulgoris
321 2277 452 2349 obtundit
479 2291 508 2339 et
527 2282 669 2357 contegit,
690 2281 730 2337 ita
748 2290 780 2340 et
797 2295 877 2339 meus
895 2297 950 2358 per
967 2280 1108 2339 scientiae

120 2362 211 2422 iucem
231 2383 330 2424 ornnes
349 2365 598 2443 concupiscentias
622 2366 734 2424 animae
760 2365 930 2424 inefficaces
956 2362 1052 2425 reddit
1078 2375 1109 2424 et

121 2450 240 2521 otiosae,
261 2451 348 2509 futuri
367 2448 465 2508 indicii
485 2449 649 2508 memoriam
669 2469 758 2530 nuper
775 2469 825 2510 eae
848 2459 982 2530 tanquam
1010 2449 1108 2511 radiet

120 2535 350 2606 scenendune,
379 2535 420 2594 itu
446 2545 478 2593 ut
504 2553 540 2594 ne
567 2551 709 2614 apparere
738 2534 851 2615 quidem
875 2535 948 2595 nitro
967 2537 996 2594 in
1014 2535 1108 2596 anima

140 2631 236 2682 noent.

120 2641 138 2701 q
165 2701 218 2763 itt.
266 2703 348 2778 Quod
366 2716 459 2766 autem
479 2707 566 2766 timor
585 2705 631 2766 dei
649 2707 764 2766 muitum
783 2707 879 2768 valent
896 2705 933 2766 od
947 2708 1108 2788 reprimen-

120 2789 171 2850 dus
190 2791 452 2870 concuspiscentiae,
475 2811 547 2872 cape
566 2793 680 2852 bomani
699 2793 809 2853 timoris
827 2794 999 2873 exemplum.
1029 2793 1108 2866 Quo·

119 2875 284 2955 tunquieque
304 2887 357 2948 est,
380 2879 426 2956 qui
446 2897 501 2938 non
521 2879 597 2938 inter
625 2879 757 2938 boinines
782 2881 972 2960 concupiscat
999 2879 1126 2952 uiienu,.

120 2971 263 3022 ettamen
282 2974 358 3022 metu
376 2981 487 3042 poenae
507 2983 579 3042 quae
599 2964 711 3040 iegibus
730 2973 913 3038 statement,
942 2964 1110 3024 reiteratur

120 3057 150 3107 et
165 3048 356 3106 continentius
375 3041 452 3126 agit?
472 3047 545 3124 iiegi
564 3057 686 3128 propter
708 3059 813 3106 metum
839 3057 942 3127 genten
961 3047 1111 3108 subiacent

120 3143 151 3192 et
168 3143 292 3192 armatus
311 3143 394 3211 paret
413 3135 570 3192 exercitur.
619 3133 706 3192 Servi
724 3151 788 3191 cum
807 3135 864 3192 siut
880 3131 1036 3193 validiores
1055 3131 1108 3192 do·

120 3219 203 3277 minin
222 3218 291 3290 suin,
312 3229 432 3298 propter
449 3229 554 3278 metum
572 3229 667 3277 tannen
686 3217 1108 3297 irnperioperierontdornino·
1199 3270 1204 3295 ,

120 3323 192 3363 rum.
240 3303 357 3364 Bestiae
376 3304 455 3383 ipsae
475 3305 556 3364 ierne
575 3315 653 3363 metu
672 3305 834 3364 mitescunt.
881 3303 968 3364 Tauri
992 3301 1107 3363 validis·
1189 3317 1240 3344 ‘⁴⁰²

121 3389 182 3456 simi
201 3391 269 3468 ingo
289 3390 364 3448 coiiu
383 3390 560 3462 submittunt,
581 3400 612 3449 et
629 3391 767 3449 immanes
790 3388 935 3469 eiepbunti
962 3389 1107 3467 magittcie

122 3473 322 3555 obtemperant
339 3493 393 3554 per
410 3477 551 3536 timorem.
600 3474 661 3539 Sed
679 3495 732 3535 cur
748 3474 1108 3535 bumanieutnruurenem-

120 3559 184 3638 piis,
214 3579 277 3620 cum
304 3561 389 3620 etiam
417 3559 511 3620 divina
538 3580 595 3620 nou
623 3560 736 3621 desint?
765 3581 859 3620 nonne
878 3572 958 3621 torna
976 3561 1038 3640 ipen
1055 3560 1107 3620 sub

120 3647 270 3725 praecepti
289 3657 364 3706 metu
384 3657 545 3726 permanet,
575 3645 650 3726 quod
670 3647 755 3705 otiam
774 3658 852 3705 motu
870 3648 913 3706 sui
933 3656 963 3705 et
980 3655 1107 3704 tremore

120 3735 262 3790 testatori
279 3729 361 3792 biare
381 3741 516 3793 statutum
535 3728 685 3792 torminum
704 3742 811 3806 nervat,
832 3731 928 3810 angeli
945 3748 1109 3810 pacemcu·

120 3815 259 3890 stodiunt,
280 3815 383 3878 stellae
400 3815 530 3878 ordinem
549 3827 650 3878 tenent
668 3827 699 3876 ct
715 3817 792 3876 durii
811 3827 932 3888 meatus,
953 3813 1109 3876 daemones

121 3921 235 3982 quoque
255 3913 364 3964 centum
383 3913 428 3964 cot
446 3904 550 3968 tinore
568 3903 598 3962 in
614 3903 713 3982 tugen
731 3902 817 3966 vend.
854 3900 902 4047 ff
923 3919 960 3962 ne
976 3918 1033 3982 p„
1049 3900 1109 3961 pin,
1137 3922 1141 3936 .
