2634 4400
637 245 707 315 ,102

571 337 784 352 *n—u—-nffl

187 464 233 513 set
250 453 334 510 alium
352 453 413 510 sine
433 449 535 523 dubio;
552 453 578 523 ¹)
607 469 729 510 necesse
747 461 793 509 est
811 451 885 508 enim
913 451 1012 509 seculo
1036 452 1102 508 lmic
1119 470 1171 509 vc-

186 540 250 598 nine
269 535 413 606 scandala,
439 555 491 594 rue
510 547 603 593 tamen
623 537 663 593 illi
681 552 835 614 perquem
862 537 991 593 veniunt.
1038 535 1075 592 Et
1102 535 1171 593 ideo

188 623 278 700 magis
297 619 444 679 deflendus
463 631 507 680 est
525 620 634 690 Simon,
656 619 732 698 quod
749 640 800 678 vas
827 620 979 678 electionis
1005 621 1099 678 lactus
1127 631 1172 677 est

187 707 328 783 maligu03
358 704 432 782 quod
456 707 552 784 utique
576 725 632 762 nou
652 706 764 774 luisset,
794 705 847 762 nisi
866 707 1085 782 potestatemiu
1106 723 1170 762 eum

188 811 240 870 pro
259 790 387 868 peccatis
405 790 548 868 prioribus
566 790 740 866 accepisset.
787 787 861 847 Nam
888 787 955 846 iude
974 787 1039 867 quid
1064 788 1169 858 dicam,

189 873 265 954 quod
291 886 322 932 et
349 874 413 932 lesu
441 884 541 932 nostro
570 872 747 942 crediderat,
768 884 799 930 et
817 871 892 950 quod
911 874 1085 931 immortales
1104 893 1170 932 esse

188 961 296 1019 animas
314 958 368 1016 sibi
387 960 447 1036 ipse
470 959 629 1034 persuasit?
649 957 780 1029 Quamvis
798 959 827 1015 iu
846 977 881 1015 eo
901 956 1172 1015 ludaturadaemo-

188 1043 281 1113 nibus,
302 1053 395 1100 tamen
414 1043 555 1119 persuasit
574 1041 639 1112 sibi,
660 1039 737 1119 quod
754 1043 836 1120 pueri
853 1042 997 1100 violenter
1014 1043 1110 1102 necati
1121 1043 1172 1102 ha-

188 1129 257 1186 beat
274 1127 394 1184 animaru
414 1127 619 1184 ministrantem
638 1126 691 1184 sibi
710 1125 746 1183 ad
765 1142 951 1204 quaecuuque
969 1126 1113 1198 voluerit3
1141 1128 1170 1184 iu

189 1232 245 1290 quo
263 1229 344 1281 vere,
365 1221 396 1268 ut
423 1211 492 1279 dixi,
522 1230 538 1268 a
565 1207 750 1268 daemonibus
777 1210 913 1277 illuditur,
960 1209 998 1275 Et
1023 1209 1090 1268 ideo
1114 1230 1172 1287 ego

188 1293 344 1356 secundum
364 1315 488 1374 eaquae
508 1293 761 1372 ipsividcbantur,
782 1295 913 1372 loquutus
939 1315 999 1352 sum
1025 1293 1062 1351 ad
1089 1315 1170 1367 eum3

188 1401 253 1440 uem
273 1391 336 1438 eta
356 1379 467 1438 ludaeis
487 1377 597 1449 didicit,
619 1379 685 1456 quia
701 1380 739 1440 sit
756 1379 892 1449 iudicium
919 1389 950 1436 et
976 1380 1045 1438 ultio
1074 1381 1173 1456 proie-

189 1463 280 1536 reuda
297 1463 445 1524 adversum
465 1483 531 1534 cos,
552 1465 599 1542 qui
627 1473 728 1522 contra
754 1483 848 1523 reram
865 1462 948 1520 iidem
974 1465 1091 1521 ueniunt
1117 1483 1173 1522 nec

190 1548 402 1628 poenitudinem
431 1559 549 1626 gerunt:
581 1547 632 1606 sed
660 1549 707 1606 isti
733 1559 799 1606 sunt
826 1549 926 1631 quilius
949 1549 1089 1624 malignus
1109 1560 1174 1605 tau·

190 1655 273 1724 quam
292 1634 476 1712 perfectisvin
497 1632 654 1690 sceleribus
672 1643 803 1710 apparet,
833 1643 863 1691 ut
889 1632 1017 1710 decipiat
1043 1653 1106 1703 eos,
1136 1652 1173 1690 uc

190 1716 342 1796 aliquando
360 1716 396 1776 ad
415 1718 620 1793 poenitentiam
640 1729 854 1776 convertantur.
1198 1773 1201 1779 .

233 1800 290 1860 ὅθ.
336 1801 397 1860 Vos
417 1820 488 1878 ergo
508 1802 554 1879 qui
573 1801 608 1858 ad
629 1801 770 1859 domiuum
790 1802 989 1860 convertimini
1008 1805 1174 1880 perpoeui-

192 1888 321 1956 tentiam,
341 1897 458 1968 purrate
479 1887 505 1943 ei
525 1905 630 1962 genua.
678 1887 757 1944 llaec
776 1907 838 1946 cum
850 1887 979 1956 dixisset,
1002 1889 1174 1945 omnismul·

191 1964 283 2028 'titudo
302 1989 395 2048 genua
414 1972 493 2028 llcxit
512 1969 578 2028 deo.
628 1970 664 2027 ut
683 1971 782 2029 Petrus
801 1972 974 2049 respiciens·
988 1970 1023 2028 ad
1047 1973 1171 2041 coelum,

193 2075 255 2113 cum
274 2055 398 2112 lacrimis
417 2056 517 2113 orabat
535 2073 622 2132 super
641 2073 707 2125 eos,
733 2067 763 2112 ut
790 2053 860 2114 deus
887 2076 939 2135 pro
967 2077 1016 2114 sua
1043 2057 1174 2114 bonitate

193 2140 340 2219 suscipere
361 2159 411 2199 eos
431 2139 598 2218 dignaretur
616 2141 817 2218 confugientes
835 2139 870 2199 ad
890 2161 933 2199 se.
967 2141 1004 2199 Et
1026 2152 1173 2220 postquam

193 2226 286 2283 oravit
314 2236 343 2284 et
369 2228 519 2305 praecepit
546 2237 576 2285 ut
603 2236 719 2303 postera
746 2226 793 2283 die
818 2228 952 2283 maturius
971 2229 1171 2295 convenirent,

192 2309 397 2371 multitudinem
416 2313 527 2369 missam
547 2312 628 2369 iecit.
674 2312 743 2368 Tum
764 2310 867 2368 deiude
886 2310 1174 2369 secundumconsue-

192 2394 317 2452 tudinem
337 2396 401 2451 cibo
421 2406 511 2452 sumto
532 2396 699 2471 quievimus
787 2435 791 2438 -

234 2476 291 2536 51.
339 2478 431 2554 lgitur
449 2478 550 2536 Petrus
569 2480 653 2537 sulita
674 2482 766 2537 noctis
786 2480 857 2538 liora
876 2499 1065 2557 consurgens,
1094 2482 1174 2538 inve·

193 2564 235 2620 nit
252 2582 304 2620 nos
322 2563 486 2637 vigilantes,
507 2573 537 2619 et
555 2580 617 2621 cum
637 2582 674 2621 cx
691 2582 771 2621 more
790 2566 914 2621 salutans
938 2564 1128 2634 consedisset,
1143 2568 1172 2635 ²)

193 2648 298 2725 primus
321 2644 425 2704 Niceta
444 2648 498 2717 ait:
521 2646 552 2703 Si
571 2648 722 2724 permittis,
751 2649 788 2704 mi
813 2648 925 2712 dontine
953 2648 1052 2718 Petro,
1081 2648 1173 2706 habeo

195 2726 269 2810 quod
288 2748 400 2807 rogem.
448 2728 484 2787 Et
503 2730 619 2787 Petrus:
641 2732 790 2801 Permitto,
811 2734 913 2811 inquit,
934 2754 990 2790 nou
1013 2734 1102 2790 solum
1123 2732 1174 2789 tibi

194 2814 246 2874 sed
267 2824 296 2871 et
315 2814 454 2883 omnihus,
476 2824 506 2871 et
524 2832 579 2899 qen
600 2815 689 2873 solum
709 2814 793 2875 modo
804 2816 854 2874 scd
867 2828 896 2875 et
905 2836 1029 2896 semper,
1050 2828 1175 2874 utunus-

195 2900 312 2976 quisquc
333 2895 489 2976 quodcum
508 2909 613 2969 movet,
635 2910 665 2956 ct
683 2911 793 2977 partem
813 2921 894 2979 quam
918 2901 997 2959 dolet
1024 2904 1052 2959 in
1080 2903 1174 2958 animo

194 2984 329 3057 fateatur,
350 2994 380 3041 ut
397 2984 487 3060 possit
505 2986 642 3063 consequi
661 2984 841 3043 medicinam.
889 2984 968 3057 Quae
991 2988 1064 3044 enim
1087 2987 1175 3043 silen-

186 3070 235 3125 -tio
255 3078 447 3145 conteguntur
465 3087 518 3140 uec
537 3069 720 3146 innotescunt
737 3070 835 3140 nohis,
855 3071 933 3128 velut
959 3072 1037 3127 multi
1063 3080 1175 3150 tempo-

195 3156 234 3211 ris
252 3154 320 3211 ritia
339 3153 457 3211 difficile
477 3164 622 3225 curantur,
644 3166 674 3212 et
692 3154 758 3213 ideo
777 3157 907 3231 quoniam
934 3155 1095 3212 tacentibus
1118 3174 1175 3211 nou
1268 3168 1273 3175 ’
1303 3171 1304 3232 j

195 3238 280 3295 lacile
300 3248 396 3315 potest
413 3236 525 3297 medela
544 3241 696 3316 opportuni
714 3250 744 3297 et
762 3240 918 3296 necessarii
936 3240 1076 3298 sermonis
1095 3238 1176 3295 adhi-

195 3320 268 3391 lteri,
289 3311 421 3398 proferre
441 3322 529 3380 dehet
546 3324 737 3400 uuusquisque
756 3324 782 3379 iu
803 3343 858 3399 quo
877 3325 986 3380 animus
1013 3342 1066 3403 per
1091 3324 1176 3397 iguo-

195 3406 314 3462 rautiam
333 3406 466 3484 languet3
487 3406 594 3479 taeenti
612 3425 683 3464 vcro
703 3404 772 3464 dare
790 3406 946 3479 remedium
956 3408 1044 3476 solius
1055 3418 1100 3464 est
1108 3406 1174 3478 dei3

233 3642 257 3703 ¹)
274 3638 366 3691 matth.
385 3646 425 3699 18,
444 3645 467 3687 t.
547 3690 551 3695 ,

232 3709 259 3769 ²)
276 3710 392 3769 Primus
411 3710 526 3767 Niceta
545 3712 570 3758 et
588 3725 653 3769 quae
672 3716 815 3770 sequuntur
836 3713 962 3760 voeabula
980 3726 1061 3771 usque
1080 3713 1111 3758 ad
1130 3692 1176 3759 illa

197 3790 253 3835 cap.
273 3780 313 3823 63.
332 3781 441 3823 exortus
457 3782 495 3823 cst
515 3780 541 3823 et
561 3780 610 3823 etc.
624 3779 650 3825 in
665 3778 736 3826 codd.
754 3781 836 3838 Lipss.
851 3780 956 3837 desunt;
974 3794 1021 3826 uec
1036 3781 1104 3828 male
1118 3780 1176 3837 qui·
1222 3803 1225 3809 ·

189 3845 262 3904 dem,
281 3847 310 3889 ut
327 3844 433 3889 ridetur.
