2634 4400
586 262 655 340 ‚tte

513 357 724 381 ...Ὗ-..α

168 468 224 545 25.
273 467 363 531 Perre
381 487 452 530 vero
471 469 501 532 iu
519 466 601 545 Susis
619 466 755 528 mulieres
772 473 926 548 unguentis
944 482 975 530 et
997 471 1109 573 quidem

125 556 241 656 optimis
258 564 385 629 utuntur,
407 556 581 629 ornamentis
600 564 712 617 conatae
732 574 770 615 cx
787 555 928 635 lapidibus
953 559 1107 635 preciosis,

124 641 292 705 ministeriis
312 655 447 719 quoque
443 626 607 711 ancillarum
631 641 720 700 fultae
747 641 909 720 procedunt
934 644 1022 701 multo
1049 664 1110 712 ma-

124 729 188 785 iore
208 726 362 787 ambitione
382 744 462 803 quam
480 725 545 797 viri,
566 745 621 785 nee
641 737 735 786 tamen
754 726 1037 805 pudicitiamcolunt,
1057 728 1111 806 scd

125 810 294 887 indifferens
313 812 356 883 eis
374 829 437 869 cum
456 810 670 891 quibuscunque
688 811 833 871 volueriut
850 833 916 881 usus
936 824 981 871 est
999 824 1029 871 et
1046 834 1109 873 ser·

124 898 167 955 vis
186 907 216 958 et
233 895 402 974 hospitibus,
424 896 474 969 tali
493 896 610 955 licentia
628 917 644 955 a
663 898 732 958 viris
749 899 904 975 permissa3
926 909 956 957 et
976 919 1035 957 uon
1061 919 1110 957 so-

125 984 181 1057 lum
200 1000 257 1039 noe
276 981 426 1059 culpantur
443 1001 496 1059 pru
515 980 585 1057 boe,
602 980 655 1041 sed
674 993 704 1043 et
722 981 903 1041 dominantur
926 985 955 1041 iu
972 984 1062 1043 viros.
1079 986 1108 1057 1)

124 1066 189 1143 Nec
208 1078 302 1141 tamen
323 1068 579 1143 omniumgeuesis
598 1068 746 1128 mulierum
766 1067 931 1131 Susidarum
949 1070 979 1127 in
1000 1068 1109 1129 medie·

123 1162 186 1215 tate
205 1152 293 1223 coeli,
315 1171 377 1210 cnm
396 1150 464 1211 love
484 1162 514 1209 et
530 1151 624 1228 biurte
651 1153 797 1213 Venerem
824 1155 854 1212 iu
879 1154 954 1213 lovis
981 1152 1110 1227 domibus

124 1236 257 1309 babent„
291 1236 321 1295 iu
340 1236 525 1311 ulterioribus
544 1239 664 1297 orientis
682 1239 825 1317 partibus,
846 1241 870 1298 si
888 1259 961 1317 puer
978 1240 1110 1303 muliebri

124 1342 157 1383 se
175 1321 489 1391 substeruatiuiuriac,
519 1341 581 1381 cum
600 1324 727 1399 agnitum
745 1324 844 1395 fuerit,
873 1344 891 1381 a
908 1324 1043 1383 fratribus
1061 1336 1111 1392 aut

124 1406 291 1487 pareatibus
309 1407 353 1483 pel
373 1407 545 1485 quibuslibet
571 1408 709 1485 proximis
727 1408 908 1479 interficitur,
938 1427 992 1467 nec
1015 1411 1111 1487 sepul·
1136 1449 1145 1465 .

123 1504 189 1553 tura
216 1492 348 1553 donatur.
396 1492 433 1551 Et
459 1512 556 1553 rursus
575 1492 649 1570 opud
669 1490 765 1551 Gallos
783 1494 832 1551 lex
848 1494 944 1570 prisca
963 1495 1112 1554 constituit

124 1570 270 1656 nuptum
268 1577 343 1635 tradi
362 1577 476 1656 publice
495 1596 613 1655 pueros,
635 1598 690 1636 nec
710 1577 892 1656 opprobrium
911 1598 948 1637 ex
975 1579 1030 1657 boc
1057 1573 1131 1636 att*

122 1662 203 1742 quod
222 1644 301 1735 dubiq
323 1674 351 1721 et
371 1661 504 1741 numquid
519 1664 679 1741 possibile
674 1674 731 1738 cst,
752 1674 782 1720 ut
800 1682 899 1723 omnes
917 1665 965 1741 qui
983 1651 1111 1740 tamtus·-

123 1750 202 1827 piter
220 1748 406 1807 succumbunt
424 1746 498 1826 apud
518 1747 631 1825 Gallos,
651 1707 817 1825 Luciicrum
835 1765 898 1807 eum
916 1747 1090 1813 Mercurio
1081 1770 1111 1807 ιιι

125 1832 255 1933 domibus
274 1832 388 1895 Saturni
408 1844 438 1892 et
456 1832 557 1893 linibus
575 1833 676 1893 Martis
694 1820 863 1899 habuerintl

166 1951 224 2013 24.
272 1952 303 2011 lu
324 1952 488 2012 Britanniae
507 1952 634 2031 portibus
654 1954 750 2032 plures
768 1908 1112 2016 viriunamhabentuxo·
1143 1991 1147 1999 ·

125 2058 198 2108 rem,
219 2040 247 2095 in
271 2038 386 2097 Parthia
413 2040 517 2097 inultae
546 2040 680 2098 mulieres
708 2060 791 2100 unum
818 2040 925 2098 habeut
950 2042 1052 2111 virum,
1082 2050 1112 2098 et

79 2130 83 2133 ’
123 2136 246 2203 utraque
266 2124 343 2182 orbis
362 2144 428 2204 pars
448 2125 572 2181 moribus
592 2126 648 2182 suis
667 2136 751 2203 atque
772 2126 906 2182 institutis
931 2125 1108 2203 obsequitur.
1135 2117 1141 2123 ⁸

122 2209 291 2270 ‘Amazones
310 2229 409 2267 omnes
428 2230 485 2267 uon
504 2210 609 2267 habent
626 2211 716 2280 siros,
737 2210 790 2268 sed
808 2211 883 2267 sicut
905 2210 1038 2267 animalia
1065 2228 1113 2270 se-

103 2295 181 2366 =mel
200 2298 228 2354 in
248 2315 323 2357 anno
343 2297 420 2352 eirca
438 2293 556 2352 vernale
576 2293 788 2372 aequinoctium
810 2295 945 2372 proprios
973 2311 1111 2370 egressae

123 2383 274 2452 terminos,
296 2381 431 2438 finitimae
440 2379 537 2455 gentis
547 2379 615 2437 viris
626 2380 793 2449 miscentur,
814 2378 1014 2436 solennitatem
1024 2398 1112 2456 quau-

126 2465 189 2525 dain
208 2485 261 2544 per
279 2467 334 2522 hoe
354 2462 551 2532 observantes,
574 2482 610 2520 ex
629 2463 729 2540 quibus
748 2483 809 2521 cum
825 2462 1112 2542 conceperintrede·

124 2563 187 2617 ent,
210 2551 280 2608 etsi
300 2567 405 2606 marem
425 2551 594 2626 pepererint
612 2547 770 2620 abiiciunt,
791 2549 910 2608 feminas
929 2550 1067 2607 nutriunt.
1081 2551 1110 2623 ²)

125 2637 253 2734 Cumque
273 2635 355 2690 unitas
373 2633 511 2710 temporis
530 2634 568 2690 sit
586 2635 708 2693 omnium
736 2645 845 2712 partus,
874 2632 1026 2693 absurdum
1053 2645 1110 2706 est,

126 2731 158 2780 ut
172 2722 200 2777 iu
220 2719 344 2778 maribus
355 2718 475 2811 quidem
495 2729 612 2798 putetur
627 2718 706 2777 Mars
725 2738 788 2779 eum
807 2717 1112 2800 Saturnointempore

127 2795 225 2884 aequis
244 2823 309 2863 esse
336 2797 536 2882 portionibus,
558 2806 585 2861 in
615 2805 785 2863 seminarum
812 2824 883 2864 vero
912 2807 1014 2883 genesi
1040 2825 1113 2864 nun-

127 2911 219 2971 quam.
268 2887 325 2948 Sed
336 2909 467 2990 'neque
457 2889 631 2950 Mercurium
651 2909 714 2949 cum
733 2891 851 2950 Venere
870 2891 1028 2949 babuisse'
1021 2889 1113 2949 rudo
1183 2936 1186 2941 ,

127 2977 216 3034 nribus
234 2976 357 3055 propr-iis
376 2976 515 3052 positum,
537 2986 567 3032 ut
585 2975 629 3032 vel
657 2977 785 3052 pictores
811 2976 851 3032 ibi
877 2977 924 3034 vel
951 2977 1112 3053 sculptores

126 3063 172 3120 vel
191 3063 346 3140 trapezitas
365 3060 484 3130 efficiat,
506 3068 554 3117 ant
571 3060 600 3119 in
619 3057 748 3117 domibus
766 3059 905 3133 Veneris,
934 3069 966 3116 ut
984 3077 1113 3136 unguen·

126 3147 215 3205 tardos
233 3148 279 3205 tel
298 3145 413 3204 vocales
431 3145 477 3207 vel
496 3155 597 3223 poetas
619 3142 771 3223 producat.
817 3141 902 3222 Apud
932 3139 1112 3203 Sarracenos

126 3243 157 3292 et
174 3233 341 3310 superiores
361 3229 449 3288 Libes
468 3240 499 3288 et
521 3229 637 3294 Mauros
666 3241 697 3288 et
714 3230 793 3287 circa
811 3244 863 3287 ora
888 3229 976 3288 maris
1004 3223 1114 3286 Oceani

58 3335 66 3350 ‘
127 3317 299 3394 habitantes,
321 3314 373 3378 sed
392 3327 421 3374 et
438 3317 467 3373 in
487 3315 623 3374 extremis
642 3313 814 3374 Germaniae
833 3313 961 3394 partibus
986 3324 1016 3372 et
1034 3313 1113 3392 apud

129 3403 272 3462 Sarmatas
291 3411 321 3462 et
340 3387 464 3481 Scythas
483 3411 569 3480 atque
589 3388 688 3460 omnes
707 3417 780 3481 quae
799 3393 850 3458 snb
869 3417 923 3466 axe
938 3400 1113 3480 septentrio-

165 3693 442 3756 ¹··-)Nectemen
468 3691 734 3752 liabentetpaullo
761 3654 841 3741 intro.
869 3689 1114 3748 etuumquid—

86 3762 297 3809 habuerint
314 3762 411 3820 pariter
430 3760 575 3808 desuetus
592 3763 703 3820 utroque
721 3761 776 3826 cod.
789 3760 858 3820 Lips.

164 3829 191 3892 ²)
211 3831 402 3888 cunqne-
421 3832 532 3888 poetes
550 3829 706 3891 producat
723 3829 774 3877 et
767 3843 794 3876 ιιι
811 3827 949 3876 toeneio·
967 3840 1023 3890 cop.
1040 3840 1114 3887 ergo

128 3921 161 3934 -
179 3895 394 3947 constellatio
409 3897 614 3945 deriderentur·
606 3891 824 3956 rueodd.1.ipts‘.
