2634 4400
662 296 728 359 10ss

587 389 802 405 -n--a

207 507 270 584 quia
290 507 317 562 in
338 517 442 564 terram
461 504 602 562 defossam
622 500 808 560 ¹absconderit
826 500 1187 561 deusvcritntemctmon-

206 601 250 648 tes
270 591 296 647 ci
315 589 540 668 superposuerit,
561 599 591 647 ut
609 587 644 645 ob
663 587 707 644 bis
724 589 772 667 qni
789 588 817 644 in
837 586 1119 664 profundumiodcrc
1138 607 1187 644 va-

206 677 280 746 lent,
310 673 502 734 tantummodo
520 673 649 731 inveniri
682 673 791 749 possiti
818 671 884 728 Non
903 674 943 729 ita
965 681 1020 742 cst,
1041 671 1094 729 sed
1112 673 1187 728 sicut

206 770 318 818 montes
338 772 369 817 et
385 771 490 818 terram
510 759 585 816 coeli
604 757 710 816 ambitu
728 755 937 826 circumdedit,
966 757 1006 814 ita
1032 768 1063 814 ct
1079 757 1187 814 verita-

206 857 262 903 tem
283 847 410 903 caritatis
429 863 497 902 suae
515 843 655 900 uelamine
674 843 815 912 contexit,
834 852 867 898 ut
885 842 933 899 ille
955 839 991 898 ad
1018 859 1080 898 eam
1108 841 1187 898 solus

205 931 358 1008 pervenire
385 931 490 1008 possit,
520 929 566 1006 qui
585 928 663 1007 prins
680 928 792 984 ianuam
810 925 978 984 dilectionis
993 923 1106 983 divinae
1125 925 1187 1003 pul-

206 1016 324 1072 saverit.
436 1083 442 1087 ¹
899 1013 903 1020 '

215 1096 217 1102 ’
247 1097 304 1156 iii).
345 1098 462 1156 ¹Etenim
482 1095 556 1175 quod
575 1097 653 1173 prius
664 1093 764 1153 dicere
773 1115 938 1173 coeperam,
959 1093 1187 1173 pariaquacdam

206 1185 271 1241 liuic
291 1181 394 1240 mundo
413 1182 573 1240 destinasse
601 1179 700 1252 deum3
729 1180 778 1238 ille
806 1183 853 1258 qni
876 1181 982 1258 primus
1008 1199 1046 1238 ex
1072 1179 1188 1257 poribus

206 1269 295 1338 venit,
324 1267 432 1324 amalo
452 1277 507 1336 ost,
537 1267 584 1344 qui
603 1264 761 1334 secunduS,
781 1267 903 1325 abono.
952 1265 983 1322 ln
1001 1284 1057 1342 quo
1074 1264 1186 1321 unicni-

206 1371 261 1430 que
281 1353 420 1410 bominum
439 1352 505 1409 iusti
525 1352 640 1410 occasio
660 1349 757 1408 iudicii
777 1349 876 1422 datur,
903 1351 964 1408 sive
991 1349 1113 1426 simplex
1137 1349 1186 1404 ille

206 1440 254 1508 sit,
276 1439 335 1496 sive
354 1435 491 1514 prudens.
538 1435 609 1493 Nam
638 1435 661 1492 si
689 1436 810 1512 simplex
836 1445 881 1493 est
907 1446 938 1492 ct
964 1432 1123 1492 crediderit
1145 1433 1187 1490 illi

206 1525 253 1600 'qni
272 1524 377 1600 primus
394 1523 483 1592 venit,
504 1522 592 1598 signis
612 1521 685 1578 enim
705 1530 735 1578 et
762 1519 1037 1598 prodigiisxmotus,
1064 1537 1187 1575 necesse

207 1619 252 1664 cst
270 1606 369 1666 eadem
388 1608 512 1675 ratione,
533 1615 564 1662 ut
582 1605 667 1662 etiam
686 1605 726 1663 illi
744 1607 791 1681 qui
814 1602 941 1663 secundo
967 1605 1091 1673 venerit,
1121 1621 1187 1660 cre-

207 1691 270 1762 dat3
292 1693 380 1768 signis
400 1692 473 1747 cuim
493 1700 523 1747 et
540 1688 681 1767 prodigiis
691 1689 857 1747 suadebitur
866 1698 990 1758 etnunc‘,
1010 1689 1185 1764 sicntprius.

207 1777 277 1834 Cum
295 1794 365 1834 vero
385 1773 542 1832 crediderit
561 1775 625 1831 huic
644 1772 783 1843 secundo,
805 1773 898 1832 discet
914 1773 950 1830 ab
964 1793 999 1832 eo
1010 1769 1085 1851 quod
1095 1773 1187 1849 primo

209 1861 250 1918 illi
270 1861 316 1938 qui
335 1860 443 1917 amalo
462 1861 551 1928 venit,
573 1857 695 1917 credere
715 1878 770 1915 non
790 1857 906 1929 debeat,
927 1869 957 1916 ct
975 1857 1188 1935 itaprioriser÷

207 1963 258 2002 ror
276 1943 393 2002 secundi
413 1943 611 2001 emendatione
631 1944 798 2019 corrigitur.
846 1943 878 2001 si
907 1963 976 2000 vero
1004 1943 1069 2019 quia
1096 1943 1186 2019 primo

208 2027 341 2097 credidit,
363 2026 516 2086 secuudum
535 2028 668 2103 recipere
679 2029 814 2097 noluerit,
835 2029 937 2086 merito
948 2039 977 2084 ut
987 2027 1106 2084 iniustus
1118 2046 1188 2083 con-

208 2113 400 2185 demnabitur3
422 2113 552 2170 iniustum
573 2112 647 2169 enim
665 2122 721 2181 cst,
742 2123 772 2170 ut
790 2132 852 2170 cum
872 2114 963 2192 primo
977 2112 1188 2189 proptersigna

208 2198 377 2269 crediderit,
398 2198 524 2256 seeundo
544 2195 643 2255 eadem
662 2200 813 2255 autetiam
837 2201 948 2276 potiora
975 2198 1079 2255 ferenti
1106 2198 1189 2273 sigua

207 2304 264 2343 nou
284 2282 395 2341 credat.
443 2283 474 2341 Si
492 2302 562 2342 vero
581 2303 637 2340 non
658 2281 782 2340 credidit
799 2286 902 2360 primo,
932 2276 1111 2359 consequens
1130 2292 1186 2347 est,

208 2381 239 2427 nt
256 2370 301 2426 vel
319 2370 347 2426 in
367 2367 493 2426 secundo
513 2378 660 2426 moveatur
686 2366 723 2425 ad
750 2367 935 2426 credendum.
982 2366 1085 2445 Neque
1112 2366 1189 2423 enim

151 2517 156 2521 ,
208 2454 236 2511 in
255 2464 360 2511 tantum
380 2455 473 2509 animo
492 2454 582 2523 stetit,
604 2463 634 2509 ut
650 2453 831 2528 ingeminatis
842 2452 1015 2510 mirabilibus
1028 2471 1085 2508 non
1095 2451 1190 2508 valeat

208 2539 350 2596 suscitari.
398 2537 428 2594 Si
447 2555 517 2594 vero
535 2534 660 2613 prudens
679 2547 734 2607 est,
755 2537 958 2595 discretionem
977 2530 1189 2614 potestcaperc

208 2624 365 2699 signorum.
413 2620 450 2677 Et
468 2620 491 2677 si
511 2620 622 2697 quidem
641 2622 734 2697 primo
754 2620 888 2692 credidit,
916 2622 1076 2697 augmentis
1099 2622 1188 2685 virtu-

207 2718 264 2763 tum
285 2704 445 2763 movebitur
463 2703 499 2761 ad
517 2703 684 2775 secundum,
705 2717 735 2763 ct
753 2726 790 2763 cx
808 2708 1023 2784 comparatione
1041 2724 1113 2782 quae
1133 2706 1190 2762 sint

208 2792 321 2868 potiora
339 2786 548 2865 deprehendet,
570 2791 695 2868 quamvis
721 2792 872 2849 manifesta
899 2792 1056 2849 habeantur
1082 2788 1190 2847 indicia

208 2873 282 2951 apud
302 2872 428 2931 eruditos
448 2894 586 2952 quosque,
607 2876 683 2932 sicut
699 2894 753 2953 per
771 2874 879 2934 ordinis
893 2873 1189 2953 cousequentinmdc-

208 2958 434 3016 monstravimus.
482 2958 515 3017 Si
532 2979 601 3017 vero
621 2970 751 3037 tanquam
778 2979 864 3018 sanus
882 2962 944 3038 quis
962 2972 991 3017 et
1010 2961 1056 3037 qui
1075 2959 1188 3017 medico

208 3064 264 3101 non
283 3042 423 3119 indigeat,
438 3064 501 3129 non
521 3056 563 3102 est
581 3056 739 3103 commotus
757 3043 793 3103 od
811 3048 940 3124 primum,
961 3046 1004 3103 rei
1025 3046 1112 3121 ipsius
1121 3064 1188 3122 per·

208 3130 370 3186 severantia
389 3129 574 3187 suscitabitur
591 3128 626 3187 ad
645 3129 811 3201 secundum,
833 3129 1101 3206 distinctionemque
1129 3130 1189 3205 sig-

208 3234 306 3271 norum
327 3224 356 3271 et
374 3214 540 3271 mirabilium
560 3216 648 3272 faciet
675 3216 703 3272 in
730 3215 805 3272 hunc
823 3215 951 3273 modum:
972 3213 1188 3291 illoqniamalo

208 3310 263 3367 nst,
284 3298 365 3374 signa
385 3318 455 3373 qliae
475 3299 556 3366 iacit,
577 3300 646 3356 nulli
664 3310 799 3375 prosunt,
820 3300 867 3357 illa
885 3319 955 3357 vero
974 3298 1189 3377 quaefacitbo-

208 3404 270 3452 nus,
291 3383 449 3441 bominibus
466 3394 595 3460 prosunt.

250 3466 306 3525 60.
354 3467 425 3523 Nam
445 3466 490 3524 dic
510 3486 627 3544 quaeso,
645 3487 722 3544 ¹quae
744 3470 851 3527 utilitas
878 3480 923 3527 est
949 3467 1103 3527 ostendere
1130 3478 1189 3524 sta·

208 3562 270 3609 tuas
288 3551 474 3621 ambulantes,
495 3552 601 3609 latrare
619 3570 723 3610 aereos
741 3564 790 3610 aut
816 3554 944 3631 lapideos
971 3572 1073 3622 canes,
1102 3552 1189 3610 salire

209 3648 330 3707 montes,
351 3636 449 3693 volare
468 3654 521 3713 per
539 3639 646 3705 adrem,
669 3646 699 3694 et
714 3638 771 3697 alia
790 3639 833 3696 bis
851 3638 963 3708 similia,
993 3656 1065 3715 qnae
1093 3636 1189 3693 dicitis

208 3723 314 3781 fecisse
343 3719 506 3777 Simonem?
534 3720 612 3791 Quae
640 3733 734 3779 autem
761 3723 875 3780 abono
895 3733 971 3791 sunt,
992 3720 1027 3779 ad
1045 3722 1188 3779 hominum

208 3806 324 3863 salutem
346 3802 523 3874 deteruntur,
544 3816 581 3861 ut.
593 3817 658 3863 sunt
675 3808 724 3864 illa
741 3825 813 3885 quae
833 3807 1051 3873 iecitdominus
1075 3817 1186 3874 noster,

209 3890 255 3965 qui
275 3888 345 3945 lecit
364 3905 471 3944 coccos
489 3888 600 3959 videre,
621 3891 693 3947 iecit
706 3889 928 3960 surdosaudirc,
949 3890 1060 3947 debiles
1071 3901 1102 3947 et
1110 3891 1188 3946 clau·
