2634 4400
604 247 669 311 155

530 343 743 352 m

140 451 278 514 sideratis
296 433 578 513 audire'doctrinnni
596 450 662 510 deici
682 453 744 512 cius
763 464 792 512 et
809 465 971 531 agnoscere
990 457 1129 534 enimet

141 559 199 616 quo
220 535 317 608 niodo,
337 547 368 596 et
383 537 476 614 quaiis
504 538 541 596 sit
568 537 630 596 eius
656 537 813 608 adrentus,
832 538 1003 618 prophetico
1021 543 1127 602 veritas

139 622 323 699 adimpletur
371 621 433 680 Hoc
453 632 498 682 est
515 623 597 681 enim
619 621 696 700 qnod
721 621 928 700 praedixerunt
952 625 1125 704 prophetae,

140 709 209 785 quia
227 726 244 766 a
262 706 343 766 vobis
363 704 544 784 quaerendus
563 717 652 776 esset,
673 707 721 785 qui
739 705 775 774 dc
794 727 981 786 ennunqnam
993 709 1123 770 audistis.

140 792 184 850 iit
199 789 265 850 iden
285 790 463 853 videntesrn
482 791 650 870 vobisipsis
673 792 844 870 prophetico
872 791 949 852 dicta
974 795 1125 872 compleri,
1172 819 1176 828 ·

141 877 208 934 huic
228 876 276 936 uui
294 887 377 934 recte
395 873 525 946 creditis,
547 876 620 934 hunc
631 888 713 935 recte
724 879 912 956 exspectatis,
932 875 1126 943 dehocrectc

141 961 302 1060 inquiritis,
318 971 349 1018 nt
368 979 424 1020 non
443 960 533 1022 solum
552 962 731 1039 exspectetis
749 981 825 1061 euno,
844 961 898 1020 scd
916 973 946 1022 ct
963 961 1127 1026 haereditu-

142 1057 201 1104 tenr
220 1047 303 1122 regni
323 1047 384 1106 eins
403 1044 796 1124 eredentesconsequanuini,
815 1046 1126 1126 secundumqnodipse
1229 1093 1236 1107 ,

142 1129 228 1198 dixit,
245 1131 359 1208 ²)quia
377 1132 568 1208 unusquisque
587 1132 665 1192 iilius
690 1131 722 1193 tit
740 1150 840 1193 serius
859 1134 906 1190 eni
927 1151 960 1192 sc
977 1133 1040 1251 ipsc
1057 1131 1126 1192 sub·

142 1216 261 1274 iecerit.

187 1298 242 1358 15.
289 1298 446 1378 Propterea
466 1319 537 1377 ergo
556 1271 712 1378 evigilate,
730 1312 760 1364 et
773 1300 915 1360 dominnm
925 1302 1066 1381 deumque
1074 1323 1133 1362 nc·

142 1397 231 1451 ntrum
250 1383 331 1445 vobis
350 1382 524 1455 adscribite,
546 1383 687 1446 dominum
707 1386 753 1462 qui
773 1396 803 1444 et
820 1387 896 1444 cneii
913 1405 948 1444 ac
968 1385 1128 1446 terracdn

141 1471 234 1530 minus
254 1479 309 1541 est,
330 1479 361 1530 et
379 1468 440 1528 ad
433 1471 521 1547 ipsius
538 1489 590 1528 vos
607 1470 760 1545 imaginem
779 1487 815 1526 ac
841 1469 1054 1529 similitudinem
1080 1490 1128 1531 re·

141 1556 278 1625 surmate,
298 1555 452 1630 sicutipse
471 1551 820 1650 uerusprophetadncot,
842 1551 958 1612 diceus:
973 1557 1002 1627 2)
1025 1553 1127 1616 Estote

141 1636 348 1698 misericordes
367 1640 442 1700 sicut
460 1647 491 1696 et
507 1649 590 1716 poter
608 1627 706 1698 nestor
724 1637 861 1696 coelestis
879 1639 1047 1697 misericors
1047 1621 1126 1710 Ocst,

140 1725 191 1802 qui
210 1724 281 1796 oriri
299 1723 370 1780 facit
387 1723 477 1782 solem
496 1743 574 1784 sunau
594 1722 790 1800 superbonus
809 1733 839 1781 et
865 1723 971 1794 maios,
999 1734 1029 1782 ct
1055 1723 1128 1802 pluit

141 1827 230 1886 super
248 1809 340 1868 iustos
358 1818 386 1866 et
405 1807 537 1868 iniustos.
585 1807 667 1866 Hune
686 1826 758 1884 ergo
777 1808 925 1866 imitamini
951 1819 982 1866 et
998 1808 1073 1868 iunnc
1092 1809 1127 1868 ti·

142 1903 232 1962 nnete,
252 1893 328 1952 sicut
346 1890 505 1952 mandatum
524 1890 608 1952 darm
626 1891 800 1952 hominihus:
816 1894 844 1965 3)
878 1890 1020 1952 dominnm
1043 1891 1128 1953 deum
1213 1927 1218 1936 ,

142 1989 220 2036 tunm
238 1975 383 2056 adorabis,
405 1987 435 2035 et
460 1978 514 2055 ipsi
543 1978 596 2036 soli
623 1978 745 2038 servies.
791 1975 917 2056 Expedit
944 1979 1020 2038 enim
1045 1977 1127 2037 vobis

141 2063 208 2136 huie
227 2062 278 2120 uni
294 2059 408 2120 domiuo
427 2063 549 2133 servire,
570 2073 600 2122 at
617 2063 778 2141 peripsum
802 2073 1017 2142 cognoscentes
1043 2081 1128 2121 nnana

141 2147 276 2217 cinnoma
299 2147 392 2207 multis
420 2165 490 2225 qnos
514 2148 652 2207 inutiliter
671 2147 825 2217 tinrobatis,
854 2146 1026 2207 liberemini.
1074 2146 1128 2219 Qui

141 2234 219 2293 enim
239 2242 400 2292 creatorem
419 2233 543 2291 omnium
561 2253 616 2289 non
637 2234 718 2289 timet
727 2230 824 2302 denna,
842 2229 895 2289 sed
905 2250 956 2289 eos
967 2232 1128 2307 tinrctqnos

142 2319 206 2396 ipse
225 2316 352 2375 manibus
371 2317 428 2375 suis
448 2317 528 2385 iecit,
550 2313 618 2393 qnid
637 2316 691 2373 nisi
710 2334 783 2373 rano
802 2315 933 2373 etinutiii
943 2315 1127 2392 semetipsum

141 2402 298 2461 obnoxium
316 2403 387 2461 facit
404 2402 520 2460 tinrnrii
547 2401 736 2477 nidoremque
753 2418 786 2457 sc
805 2409 835 2456 et
853 2397 1044 2457 abiectiorem
1061 2396 1128 2456 red·

142 2486 186 2547 dit
204 2506 285 2564 quum
305 2496 370 2545 sunt
387 2484 435 2545 ilia
454 2486 527 2563 ipsa,
549 2505 668 2563 quorum
695 2484 827 2543 timorem
853 2489 950 2542 mente
977 2484 1125 2559 concepit.

142 2572 217 2644 Quin
236 2573 330 2648 potins
348 2590 401 2649 pcr
418 2571 575 2631 bonitatem
595 2570 656 2629 eins
676 2570 723 2647 qui
749 2589 800 2628 vos
827 2569 941 2639 invitat,
971 2565 1065 2626 redite
1091 2565 1129 2625 od

142 2658 269 2734 priorem
288 2655 465 2715 nobilitatem
484 2666 618 2727 vestram,
640 2665 671 2713 et
689 2674 726 2713 ex
742 2653 826 2713 bonis
844 2652 966 2724 actibus,
988 2650 1064 2731 qnod
1082 2650 1139 2729 ip:

142 2742 202 2799 sius
217 2742 358 2799 creatoris
368 2742 459 2800 vestri
468 2742 620 2840 imaginem
631 2740 764 2819 portetis,
782 2736 938 2808 ostendite,
960 2746 1037 2795 utex
1055 2754 1128 2795 con·

144 2825 329 2902 tempiatione
349 2824 556 2885 similitudinis
550 2826 636 2904 ipsius
647 2826 733 2885 etiam
748 2824 836 2882 iiiii
810 2843 871 2882 erus
882 2840 946 2881 esse
957 2820 1125 2881 credamini.

190 2907 257 2967 14.
290 2908 411 3005 incipite
430 2926 517 2985 ergo
521 2931 538 2969 a
556 2910 686 2969 sensibus
704 2910 809 2968 restris
827 2907 955 2967 abiicere
969 2902 1129 2965 nanasido·

143 2995 237 3055 iorum
264 2992 378 3066 species
405 3003 491 3069 atquc
519 2994 635 3063 inutiles
661 3004 691 3051 et
717 2995 818 3051 inanes
846 2993 979 3060 timores,
999 3001 1031 3047 nt
1047 2988 1128 3047 simul

142 3076 233 3135 etiam
252 3072 447 3143 conditionem
466 3076 582 3153 possitis
599 3076 713 3151 iniquae
732 3075 880 3132 servitutis
899 3074 1039 3149 effugere.
1069 3070 1129 3127 Dn-

144 3160 214 3235 arjni
234 3158 339 3215 etenim
353 3158 446 3215 vestri
465 3159 562 3217 effecti
581 3168 645 3217 sunt
663 3158 715 3226 iiii,
736 3157 783 3233 qni
802 3175 838 3215 ne
857 3157 932 3214 servi
952 3153 1130 3232 quidemnti·

145 3246 189 3303 ies
207 3242 288 3301 vohis
308 3260 373 3301 esse
391 3242 562 3321 potuissent.
610 3237 760 3315 Quomodo
779 3240 854 3298 crim
878 3216 1036 3297 simulacra
1061 3256 1130 3296 exa·

145 3329 220 3389 nima
239 3327 285 3387 vei
302 3324 338 3385 nd
357 3328 524 3387 servitutem
542 3325 622 3385 vobis
640 3323 808 3383 riderentur
825 3322 942 3393 idonea,
963 3340 1129 3401 cnmneque

146 3410 273 3480 audiant,
294 3429 388 3489 neque
408 3410 534 3480 videant,
564 3428 656 3488 neque
676 3407 785 3487 aiiipnid
809 3410 954 3467 sentiant?
981 3408 1036 3466 nisi
1054 3405 1131 3486 quod

146 3496 209 3573 ipsa
234 3496 334 3555 saitem
362 3496 482 3555 materia
500 3513 537 3553 eu
556 3514 610 3573 qna
627 3494 697 3553 iacti
716 3504 793 3566 sunt,
822 3494 884 3552 nivo
901 3493 974 3564 anri,
1003 3492 1064 3551 sire
1083 3510 1130 3549 ar-

146 3580 241 3657 gcnti,
260 3580 306 3639 vet
326 3580 411 3641 etiam
430 3579 507 3639 aeris
525 3589 574 3639 ant
592 3578 676 3657 digni,
704 3597 766 3637 cunr
793 3579 885 3656 possit
909 3574 992 3636 vohis
1009 3573 1045 3635 ad
1064 3594 1129 3635 unns

146 3718 360 3734 Ἥ

184 3778 209 3841 ¹)
228 3782 281 3829 ron.
299 3784 323 3841 n,
344 3784 383 3829 ar.
454 3782 653 3843 ¹)1nc.c‚sc.
688 3782 780 3830 ιιιιιι.
797 3784 822 3843 s,
841 3782 881 3829 ιι.

184 3849 211 3909 ³)
229 3850 306 3897 nent.
317 3854 350 3910 ,6,
368 3853 411 3899 13»
445 3851 536 3911 Metili.
550 3853 576 3910 4,
590 3852 630 3897 1⁰.
