2634 4400
659 265 725 324 llil

204 483 260 539 ista
278 480 373 558 quiete
392 476 535 544 leventur,
564 490 620 550 quo
647 469 741 548 possit
765 467 946 529 sufficienter
970 467 1015 524 tes
1042 465 1191 544 quaesibi

206 565 347 624 debentur
365 580 469 639 corpus
488 556 627 635 expletis,
648 557 750 614 iustum
769 555 798 610 in
816 553 936 632 reliquis
950 553 1038 610 menti
1049 552 1191 610 exhibere

205 660 447 794 mizlmlllmcum
465 729 537 788 haec
557 726 687 797 dixisset,
708 725 835 804 pluri-is
853 726 910 783 iam
925 723 1104 782 eonsuetoiu
1115 723 1191 780 lrorti

206 822 272 878 loco
290 817 327 877 ad
344 813 514 876 audiendum
534 811 720 890 congregatis
738 809 883 888 processit
900 808 1015 879 Petrus,
1036 817 1067 866 et
1085 809 1192 866 saluta·

205 904 242 964 tis
262 923 299 962 ex
317 921 397 961 more
417 899 507 959 turbis
526 897 626 956 dicere
644 897 700 954 luoe
719 894 804 953 modo
823 895 936 972 coepit:
965 893 1106 965 Quoniam
1129 893 1192 969 qui-

201 989 282 1058 dem,
303 989 379 1046 sicut
395 996 474 1044 terra
493 1004 510 1041 a
529 983 640 1042 cultore
658 981 795 1058 neglecta
811 981 907 1057 spinas
934 989 965 1036 et
990 977 1113 1036 tribulos
1139 997 1193 1037 ue·

208 1073 337 1132 cessario
355 1068 499 1149 producit,
521 1068 561 1124 ita
578 1085 679 1125 seusus
696 1075 796 1123 vester
812 1065 901 1140 longi·
911 1063 1048 1140 temporis
1066 1064 1190 1132 incuria,

201 1157 308 1216 multas
327 1165 357 1213 et
380 1155 480 1211 noxias
508 1151 658 1229 opiniones
686 1169 783 1208 rerum
810 1160 839 1207 et
864 1148 1071 1224 intelligentias
1099 1146 1193 1206 falsae

201 1241 347 1300 scientiae
367 1237 552 1315 germinavit3
574 1255 647 1316 opus
664 1245 709 1293 nst
726 1254 801 1292 nnnc
820 1234 907 1292 multa
925 1231 1076 1308 diligentia
1093 1232 1131 1290 ad
1141 1252 1193 1291 ex-

207 1323 358 1385 eolendum
377 1342 426 1381 rus
443 1322 547 1380 mentis
565 1329 692 1391 vestrae,
712 1330 744 1378 ut
760 1318 791 1376 id
808 1338 903 1376 sermo
920 1317 1063 1386 veritatis,
1085 1318 1133 1396 qui
1148 1328 1194 1376 est

206 1429 293 1470 verus
311 1421 343 1468 nt
360 1407 481 1485 diligens
500 1403 597 1465 cordis
616 1405 748 1474 colonus,
773 1402 895 1462 assiduis
922 1403 1037 1460 excolat
1063 1400 1193 1480 discipli-

208 1499 262 1555 nis.
309 1493 445 1553 Vestrum
465 1511 536 1568 ergo
556 1501 601 1549 est
617 1489 767 1569 praehere
780 1489 807 1546 ei
827 1487 1031 1558 obedientiam,
1052 1498 1083 1545 et
1101 1507 1192 1546 oocu-

204 1581 340 1660 pationes
359 1597 392 1637 ac
421 1573 629 1649 sollicitudines
656 1574 813 1651 superfluas
835 1582 994 1650 amputare,
1022 1591 1060 1630 ue
1086 1571 1194 1630 bonum

209 1665 290 1724 verbi
309 1683 407 1722 semen
427 1671 532 1722 enecet
549 1661 664 1718 noxium
683 1677 813 1736 germen.
861 1656 962 1714 Potest
973 1659 1054 1714 euim
1064 1657 1142 1727 lieri,
1162 1667 1194 1714 ut

209 1751 287 1808 nuulti
306 1749 443 1827 temporis
461 1746 666 1824 negligentiam
685 1743 781 1801 brevis
800 1753 830 1800 et
847 1740 959 1800 assidua
983 1752 1101 1820 reparet
1128 1741 1193 1799 dili·

210 1835 326 1912 gentia;
347 1835 486 1892 incertum
506 1849 625 1908 namque
645 1839 690 1888 est
715 1828 936 1905 uniuscuiusque
961 1827 1039 1885 ritae
1067 1837 1191 1905 tompus,

210 1929 241 1976 et
258 1916 325 1975 ideo
344 1915 532 1976 festinandum
552 1926 596 1974 est
614 1912 651 1972 ud
679 1914 812 1982 salutem,
842 1932 878 1971 nc
905 1913 997 1970 torto.
1010 1922 1193 1970 cunctantem

210 2021 287 2060 mors
305 2002 457 2079 repentina
476 2000 654 2078 praeveniat.

252 2086 285 2144 5.
332 2085 370 2143 Et
388 2085 425 2142 ob
444 2084 499 2142 ltoc
518 2085 614 2143 aerius
632 2082 834 2142 intendendum
854 2095 910 2154 est,
929 2093 962 2147 ut
980 2081 1044 2140 dum
1063 2093 1108 2142 est
1121 2093 1194 2140 tenr-

211 2173 291 2252 poris
309 2171 440 2250 spatium,
461 2169 586 2230 collecta
604 2167 694 2228 malae
718 2167 933 2228 consuetudinis
958 2168 1029 2227 vitia
1055 2187 1194 2227 resecen-

207 2270 267 2318 tur.
315 2256 397 2330 Quod
415 2276 472 2314 non
491 2256 575 2315 aliter
592 2255 692 2313 iacere
720 2256 864 2333 poteritis,
894 2254 948 2312 nisi
975 2264 1006 2311 ut
1030 2254 1195 2313 irascamini

211 2340 418 2423 quodammodo
437 2340 587 2401 adversum
605 2342 795 2418 vosmetipsos
812 2339 941 2418 prolis,
963 2358 1036 2417 quae
1054 2339 1195 2398 inutiliter
1277 2391 1282 2400 .

212 2428 343 2505 gessistis
360 2446 394 2486 ac
413 2428 546 2505 turpiter.
594 2424 674 2487 ilaec
697 2426 846 2486 enimest
870 2425 946 2482 insta
972 2434 1002 2483 et
1028 2425 1196 2482 necessaria
1222 2497 1224 2501 ,

211 2511 372 2584 iracundia,
392 2532 447 2591 qua
464 2512 655 2590 unusquisque
675 2512 704 2568 in
722 2510 765 2569 tis
776 2510 875 2588 quibus
885 2506 994 2568 erravit
1003 2518 1033 2567 et
1041 2528 1195 2587 perperam

212 2598 314 2673 gessit,
326 2594 499 2673 indignatur
507 2607 539 2655 et
551 2597 733 2674 semetipsum
743 2597 865 2666 i'neusat,
885 2612 988 2672 exque
998 2592 1195 2671 indignatione

208 2672 380 2739 accenditur
398 2682 427 2738 in
445 2680 527 2739 nobis
545 2682 621 2759 ignis
640 2679 764 2759 quidam,
781 2680 829 2758 qui
846 2680 925 2738 velut
940 2698 1014 2756 agre
1031 2679 1125 2737 sterili
1142 2679 1196 2736 im-

212 2765 325 2833 missus,
346 2766 502 2823 consumtis
519 2775 549 2823 et
567 2766 698 2823 excoctis
724 2764 869 2823 radicibus
895 2765 1037 2843 pessimae
1063 2764 1196 2841 voluptu-

212 2849 261 2917 tis,
275 2860 277 2867 ‘
290 2847 367 2905 bono
386 2848 487 2907 semini
505 2848 586 2907 verbi
604 2848 651 2907 dei
674 2847 892 2907 foecundiorem
919 2847 1015 2908 cordis
1041 2859 1197 2927 praeperat

214 2929 337 3010 glebam.
385 2931 456 2991 Puto
475 2942 568 2993 autem
595 2932 672 3012 quod
698 2934 768 2992 satis
795 2933 896 3011 dignas
922 2934 1052 2995 lateatis
1074 2934 1196 2993 caussas

212 3013 390 3085 iracundiae,
420 3036 457 3076 ex
484 3018 583 3096 quibus
609 3020 779 3077 iustissimos
805 3020 881 3095 ignis
907 3019 962 3077 istc
981 3019 1141 3089 coalescat,
1170 3019 1195 3076 si

211 3098 405 3160 'consideretis
424 3103 450 3158 in
471 3108 591 3183 quantos
606 3124 660 3163 vos
678 3124 795 3163 errores
814 3102 933 3162 deduxit
945 3105 1126 3180 ignorantiae
1136 3122 1196 3160 nra-

107 3222 110 3227 ι
212 3186 281 3257 lum,
302 3196 477 3265 quantosque
494 3188 590 3263 lapsus
609 3188 638 3249 et
657 3199 761 3267 quauta
778 3188 947 3266 praecipitia
965 3186 1001 3247 ad
1019 3185 1196 3266 peccandum

214 3269 305 3341 dedit,
326 3290 343 3328 a
362 3272 472 3349 quantis
489 3274 643 3332 vos'tonis
670 3273 810 3332 abstraxit
832 3275 909 3331 etin
928 3292 1000 3351 quae
1019 3274 1196 3351 praecipita-

213 3356 255 3411 vit
272 3354 356 3423 mala,
378 3365 407 3412 et
426 3352 501 3431 quod
520 3364 668 3431 estsuper
686 3358 780 3415 omnia
797 3359 923 3435 gravius,
941 3356 1016 3436 qnod
1034 3378 1086 3415 vos
1103 3359 1131 3415 in
1151 3358 1197 3415 iu-

211 3448 279 3495 -tnro
298 3438 414 3497 saeculo
432 3437 558 3496 aeternis
585 3442 687 3517 poenis
714 3440 855 3500 obnoxios
881 3443 963 3500 iecit.
1009 3441 1114 3501 Nonne
1141 3461 1196 3518 pro

214 3521 259 3581 lris
278 3521 417 3591 omnibus,
438 3521 485 3579 ubi
501 3520 583 3580 robis
600 3524 730 3582 veritatis
748 3526 842 3585 lumen
860 3526 986 3597 obiulsit,
1007 3526 1082 3603 ignis
1100 3527 1198 3585 iustis-

215 3608 303 3667 simae
322 3604 525 3683 indignationis
544 3607 713 3667 accenditur
739 3620 769 3669 et
795 3611 961 3675 iracundiae
988 3610 1044 3670 deo
1072 3611 1197 3690 placitae

209 3693 291 3751 intra
308 3711 360 3751 vos
378 3691 526 3769 consurgit
539 3692 719 3753 incendium?
738 3715 794 3774 quo
813 3708 995 3756 consumatur
1013 3706 1043 3755 et
1060 3696 1199 3755 radicitus

210 3777 342 3851 intereat
360 3786 442 3835 ontne
461 3795 591 3853 germen,
613 3779 636 3836 si
656 3778 731 3857 quod
750 3781 826 3839 forte
845 3782 920 3839 iutra
938 3802 989 3839 ros
1004 3781 1099 3840 malae
1127 3800 1198 3840 con-

217 3862 411 3937 cupiscentiae
434 3861 588 3939 pullulavit.
