2634 4400
212 501 367 582 patiuntur,
388 496 424 558 ad
442 498 641 578 purgationem
660 508 847 577 pcccatorum
867 495 946 557 cedit
963 500 1018 571 eis,
1038 499 1209 578 quodper-'
1244 551 1247 559 .

203 589 309 648 derunt
326 587 480 665 patienter.

257 688 310 748 12.
358 687 427 745 Post
445 678 516 746 b'aoc
527 685 613 746 'dicta
631 705 702 746 nnus
721 706 758 746 cx
776 683 951 746 adstantibus
961 687 1075 748 Petrum
1086 709 1195 767 rogare

211 774 320 852 coepit,
340 783 371 831 ut
389 771 436 830 dio
455 772 581 831 crastiua
598 774 734 832 maturius
751 770 788 830 ad
805 773 923 832 insulam
942 775 1100 850 proximam
1120 795 1195 853 quac

211 879 264 922 sun
280 879 338 918 uon
356 857 475 934 amplius
493 857 593 916 stadiis
610 857 728 928 aberat,
756 855 883 916 Aradum
909 859 1024 918 nomine
1051 879 1195 938 pergere-
1227 863 1232 866 ’
1313 840 1314 875 ³

209 965 282 1016 mus,
301 940 418 1002 videndi
444 943 473 1000 iu
501 961 537 1001 ea
563 943 656 1020 gratia
682 943 782 1002 mirum
809 941 924 1020 aliquod
943 963 1025 1022 opus,
1046 945 1194 1003 columnas

210 1031 302 1089 vitcas
320 1025 522 1104 magnitudinis
540 1029 706 1086 immensae.
754 1027 807 1086 Cui
826 1026 927 1086 Petrus
943 1039 975 1086 ut
993 1029 1194 1089 eratclemen-

209 1115 333 1173 tissimus
351 1110 521 1190 adquiescit,
541 1111 593 1170 sed
611 1114 720 1172 monuit
737 1133 802 1184 uos,
822 1131 886 1170 cum
903 1131 1005 1172 navem
1024 1113 1193 1173 descendis·

210 1218 324 1268 semus,
353 1217 410 1256 non
436 1216 492 1255 uua
519 1215 617 1256 omnes
645 1217 822 1257 concurrere
850 1195 886 1255 ad
912 1196 1085 1271 videndum3
1123 1200 1192 1258 nolo

211 1285 285 1344 enim
303 1283 405 1360 iuquit,
425 1283 520 1340 notari
537 1302 588 1341 vos
616 1303 634 1340 a
660 1281 755 1342 turba.
802 1282 872 1341 Cum
899 1302 971 1360 ergo
999 1281 1046 1342 die
1072 1295 1193 1362 postera

209 1370 274 1430 uavi
294 1367 345 1428 sub
363 1377 506 1426 momento
524 1365 615 1428 borae
633 1370 808 1428 venissemus
834 1366 872 1426 ad
897 1367 1032 1438 insulam,
1053 1371 1192 1434 continuo

210 1453 246 1514 ad
273 1453 366 1514 locum
393 1453 421 1510 iu
450 1472 505 1530 quo
533 1464 616 1512 eraut
642 1453 791 1512 columnae
813 1452 970 1524 mirabiles,
990 1471 1189 1532 properamus.

207 1539 299 1606 Erant
316 1548 410 1598 autem
428 1537 457 1594 in
475 1536 548 1598 aede
567 1536 686 1616 quadam
705 1538 829 1617 positae,
848 1538 878 1596 in
896 1558 950 1616 qua
964 1537 1082 1597 Phidiae
1101 1559 1193 1618 opera

207 1623 413 1703 permagnifica
439 1621 627 1694 habebantur,
657 1622 757 1703 quibus
784 1622 894 1682 intento
921 1623 1110 1702 unusquisque
1138 1645 1201 1700 nos

207 1720 295 1770 strum
314 1706 495 1778 detinebatur
513 1706 664 1787 adspectu.
697 1764 700 1770 ,

134 1839 143 1888 f
251 1827 305 1886 15.
352 1827 453 1885 Petrus
471 1847 542 1886 vcro
561 1827 608 1886 ubi
626 1828 704 1895 solas
723 1828 868 1886 columnas
885 1829 1003 1887 miratus
1022 1839 1067 1887 est
1080 1830 1189 1901 viteas,

206 1931 382 1990 nequaquam
401 1922 500 1988 raptus
517 1913 648 1990 picturae
668 1913 774 1991 gratia,
795 1931 930 1990 egressus
955 1913 1027 1972 vidit
1044 1905 1197 1992 proforiss

206 1998 259 2056 bus
278 1995 472 2054 mulierculam
491 1995 630 2073 quandam
648 1998 751 2076 stipem
761 1997 797 2057 ab
806 1997 1017 2056 introeuntibus
1027 1996 1190 2076 deposcen-

206 2092 276 2153 tem,
297 2099 379 2159 quam
398 2081 534 2139 attentius
553 2078 740 2140 considerans
755 2084 814 2142 ait:
834 2080 890 2141 Dic
907 2080 1021 2155 mulier,
1041 2081 1118 2162 qood
1135 2083 1190 2142 tibi

205 2166 361 2229 membrum
379 2166 511 2245 corporis
530 2162 624 2238 deest,
645 2165 722 2246 qnod
743 2167 809 2226 huic
835 2177 866 2225 to
891 2168 1013 2227 iniuriae
1040 2167 1191 2229 subiecisti

206 2264 236 2313 nt
254 2254 357 2331 stipem
372 2262 467 2331 petas,
488 2262 518 2311 et
535 2272 592 2309 non
610 2253 708 2331 potius,
723 2252 853 2311 manibus
869 2254 926 2311 tuis
944 2273 1014 2332 quas
1031 2273 1049 2311 a
1067 2253 1124 2311 deo
1139 2273 1190 2313 θοι

207 2338 310 2417 cepisti
328 2356 452 2417 operans
471 2338 565 2395 cibum
583 2340 723 2415 quaeras?
748 2335 790 2395 At
810 2338 861 2395 illa
877 2339 1022 2415 suspirans
1039 2340 1096 2396 ait:
1126 2338 1190 2397 uo.

106 2472 108 2477 ,
205 2443 269 2483 uam
288 2422 355 2481 mibi
375 2420 488 2501 quidem
507 2432 605 2480 esseut
622 2441 720 2481 manus
738 2440 810 2501 quae
828 2423 937 2483 moveri
954 2433 1085 2501 possent,
1112 2442 1190 2483 nunc

206 2518 300 2567 antem
319 2508 432 2587 species
449 2516 557 2565 tantum
575 2517 690 2565 servata
708 2517 912 2579 estuantem,
941 2527 1006 2566 uam
1022 2509 1104 2587 ipsae
1122 2518 1194 2571 suut

206 2603 366 2663 emortuae,
388 2601 420 2651 et.
434 2593 506 2650 mois
520 2591 660 2653 morsibus
679 2590 790 2651 debiles
808 2602 839 2663 et
855 2593 918 2651 sinc
935 2610 1022 2651 seusu
1039 2590 1186 2653 reddas.

204 2678 243 2737 Et
261 2677 379 2737 Petrus:
400 2675 491 2748 Quae,
511 2676 613 2753 inquit,
631 2677 693 2752 ¹fuit
719 2696 831 2749 caussa,
859 2687 891 2735 ut
916 2676 973 2735 boc
999 2677 1052 2735 tibi
1077 2687 1189 2735 tantum

205 2762 272 2821 mali
290 2762 352 2839 ipsa
363 2759 536 2821 conferres?
554 2760 685 2839 Ignavia,
705 2761 807 2839 inquit,
832 2780 887 2820 nec
913 2759 991 2819 aliud
1017 2760 1187 2840 quidquam,

203 2848 228 2905 si
247 2846 322 2905 euim
341 2846 442 2904 fuisset
459 2845 488 2903 iu
506 2863 551 2905 me
576 2843 682 2923 aliquid
699 2846 823 2917 uirtutis,
851 2848 932 2925 potui
949 2847 995 2905 vel
1013 2848 1188 2925 praecipitio

203 2932 245 2990 uti
264 2930 310 2989 vel
327 2928 470 3009 profundo
487 2930 573 2989 maris
591 2930 713 2989 iuduere
731 2932 943 3011 memetipsam,
964 2942 995 2991 ct
1011 2932 1097 2991 linem
1115 2929 1188 2993 dure

204 3014 350 3078 doloribus
368 3015 449 3076 meis.
613 3020 615 3025 '
1034 3045 1036 3049 ·

247 3132 301 3195 14.
347 3133 416 3199 Tum
435 3135 552 3195 Petrus:
572 3134 683 3215 Ecquid
703 3148 797 3216 putas,
817 3138 867 3209 ait,
887 3139 1004 3211 mulier,
1034 3134 1110 3217 quod
1138 3139 1187 3221 qui

202 3221 376 3299 semetipsos
390 3222 543 3299 perimunt,
565 3241 581 3280 a
600 3223 746 3301 suppliciis
765 3222 940 3289 llbcu‘uutur',l
967 3222 1022 3286 nisi
1041 3224 1107 3303 quia
1125 3238 1186 3280 ma·

202 3305 310 3365 ionibus
329 3305 478 3364 subiacent
496 3307 596 3384 poenis
615 3308 728 3370 animae
746 3327 846 3374 corum
857 3309 903 3385 qui
917 3306 972 3367 sibi
990 3305 1062 3386 ipsis
1078 3308 1186 3365 intule-

169 3412 187 3437 ο
202 3392 259 3449 rint
278 3409 387 3448 manus.
433 3392 474 3447 At
490 3392 553 3448 illac
590 3390 717 3462 Utinam,
745 3393 847 3470 iuquit,
876 3392 953 3450 istud
978 3392 1046 3450 mibi
1074 3402 1185 3450 certum

201 3475 298 3546 fieret,
318 3475 384 3553 quia
402 3475 499 3533 vivunt
517 3476 628 3533 animae
646 3477 676 3533 in
694 3478 820 3547 inferno,
841 3476 966 3535 llbcntcr
990 3478 1187 3558 amplecterer

201 3562 288 3619 ctiam
307 3578 416 3638 poenos
435 3559 514 3619 ierne
533 3562 631 3618 mortis
649 3561 759 3632 illatae,
778 3572 885 3619 tantum
902 3572 935 3619 ut
947 3560 1047 3621 dulces
1056 3561 1124 3620 mibi
1134 3580 1186 3619 ua-

202 3656 246 3703 tos
265 3645 363 3703 borum
383 3646 483 3704 saltem
502 3664 585 3702 uuam
608 3644 748 3706 viderem.
782 3645 819 3703 Et
837 3645 958 3704 Petrus:
984 3644 1058 3718 Quid
1075 3656 1185 3715 tantum

200 3729 275 3789 istud
302 3741 359 3805 est,
386 3728 462 3808 quod
490 3740 518 3787 te
545 3740 602 3787 tam
625 3733 706 3807 gravi
725 3724 817 3792 afficit
832 3731 961 3802 tristitie,
990 3732 1067 3789 scire
1084 3731 1182 3789 velim.

123 3844 128 3849 ·
202 3814 233 3871 Si
253 3816 328 3873 euim
347 3813 471 3873 doceres
488 3832 533 3871 nne
553 3832 693 3885 caussam,
715 3834 825 3893 possem
843 3814 896 3873 tibi
914 3826 944 3873 ct
962 3834 1019 3891 ego
1034 3813 1186 3873 euidenter

202 3898 368 3969 ostendere,
389 3917 407 3955 o
427 3898 538 3967 mulier,
560 3895 635 3974 quod
654 3900 683 3960 io
701 3900 815 3957 intorno
833 3899 928 3958 vivont
946 3902 1070 3971 animae,
1091 3909 1186 3976 etpro
