2634 4400
672 281 737 340 112

600 370 811 384 ιιι--ι--κ-ηὴ

218 485 253 545 ad
272 486 343 545 baec
361 484 485 556 ridetur,
507 483 606 554 dicite,
627 503 664 542 nc
683 485 759 542 forte
778 504 834 542 nou
853 485 890 541 sit
912 494 1022 542 rectum
1037 485 1112 563 qnod
1131 486 1198 544 milti

217 572 270 630 soli
289 573 395 649 placet.
440 571 509 628 Tum
529 587 627 628 omnes
645 589 701 627 una
718 588 791 627 voce
811 567 1005 628 collaudantes
1015 589 1089 639 eum,
1111 590 1198 647 roga·

174 723 179 732 „
217 677 276 714 ntus
296 656 396 733 magis,
417 654 543 724 aiebant,
564 664 594 711 ut
612 673 665 730 pro
684 653 804 712 arbitrio
822 665 871 712 tuo
892 665 996 712 cuncta
1014 653 1149 732 disponas
1169 665 1198 714 et

218 739 292 819 quod
311 741 362 798 tibi
381 742 434 818 ipsi
453 737 566 797 videtur
583 738 698 810 iubeas3
718 738 774 796 boc
793 740 867 796 enirn
885 749 1014 817 putamus
1032 758 1098 798 esse
1127 761 1198 818 opus

216 827 359 901 integrum
378 825 505 902 pietatis,
526 823 550 880 si
569 843 642 901 quae
662 835 691 882 tn
710 825 829 882 iusseris
847 824 1023 902 impleamus.
1125 869 1130 879 .

261 909 314 968 70.
363 909 453 986 igitur
470 918 575 966 statuto
594 906 641 966 die
660 927 723 968 cnm
742 909 892 967 stetissent
909 919 976 967 ante
1004 907 1131 979 Petrum,
1160 927 1198 967 ne

122 983 125 992 ¹
216 995 365 1054 arbitreris
383 995 472 1064 aiunt,
494 992 590 1062 Petre,
611 1012 726 1070 paruum
737 992 819 1051 nobis
828 993 915 1051 indici
927 1013 1099 1064 moerorem,
1121 993 1198 1071 quod

217 1079 379 1138 fraudamur
397 1098 453 1135 non
472 1076 621 1136 audientes
640 1089 670 1136 te
688 1096 742 1155 per
760 1097 873 1136 menses
891 1089 966 1150 tres3
995 1077 1047 1136 sed
1065 1079 1197 1156 qnoniam

217 1165 272 1221 boc
291 1161 409 1240 expedit
426 1181 516 1239 agere
535 1159 610 1240 quod
629 1172 658 1219 tu
677 1162 770 1232 iubes,
790 1161 957 1221 obediemus
966 1163 1195 1240 promptissime3
1247 1237 1251 1245 ι

217 1265 332 1324 semper
350 1265 421 1323 ergo
440 1247 544 1304 vultum
563 1257 639 1304 tunm
657 1247 686 1304 in
704 1256 804 1305 nostro
824 1246 913 1305 corde
936 1249 1095 1326 retinentes
1122 1249 1198 1304 sicut

207 1332 323 1390 'iussisti
341 1331 453 1390 alacres
471 1331 690 1410 proficiscimur.
732 1328 772 1388 At
790 1332 838 1390 ille
857 1333 988 1390 oratione
1011 1351 1063 1410 pro
1091 1332 1134 1388 eis
1161 1329 1198 1388 ad

218 1416 359 1475 dominum
378 1416 439 1474 lusa
458 1417 551 1475 emisit
570 1435 631 1474 eos.
678 1416 716 1473 Et
734 1435 796 1473 cunt
809 1417 934 1494 proiecti
945 1417 1066 1474 fuissent
1075 1416 1115 1472 illi
1127 1415 1197 1473 duo-

218 1501 310 1560 decim
329 1501 376 1579 qui
394 1502 541 1579 praemissi
560 1511 635 1572 suut,
657 1499 758 1559 Petrus
777 1501 923 1577 ingressus
941 1521 979 1560 ex
996 1499 1075 1559 more
1091 1502 1118 1558 in
1130 1501 1196 1559 loco

211 1585 417 1666 disputationis
435 1588 525 1644 stetit.
577 1584 760 1644 Convenerat
786 1596 881 1644 autem
908 1587 1005 1663 populi
1032 1583 1195 1656 multitudo,

218 1672 364 1754 copiosior
382 1689 514 1728 numerus
533 1689 614 1747 quam
633 1670 757 1740 solebat,
777 1681 807 1728 et
824 1689 924 1728 ornnes
942 1690 1004 1728 curn
1019 1670 1144 1728 lacrimis
1154 1671 1198 1726 iu·

218 1755 370 1814 tuebantur
388 1773 462 1825 eum,
483 1773 534 1832 pro
555 1773 590 1812 eo
610 1753 686 1832 quod
704 1753 797 1832 pridie
815 1753 852 1812 ab
879 1774 915 1813 eo
943 1753 1100 1824 audissent,
1128 1774 1198 1831 pro-

216 1840 357 1896 fecturum
376 1859 408 1897 se
429 1838 552 1897 Simonis
570 1840 676 1916 gratia.
723 1837 783 1897 Sed
802 1840 912 1917 etipse
936 1839 1116 1897 lacrimantes
1144 1859 1208 1911 eos,

216 1921 316 1980 videus
335 1924 436 1980 similia
454 1921 627 2000 patiebatur,
649 1923 719 1982 licet
736 1935 891 1983 conaretur
909 1924 1056 1982 occultare
1075 1933 1105 1982 et
1122 1923 1197 1981 inbi-

217 2007 287 2065 bere
307 2007 453 2080 lacrimas3
471 2006 648 2084 prodebatur
665 2018 758 2065 tamen
778 2027 815 2066 ex
837 2019 976 2069 tremore=
988 2010 1069 2067 vocis
1096 2020 1127 2067 ct
1155 2008 1197 2066 iu·

217 2093 394 2169 terruptioue
413 2091 563 2161 sermonis,
585 2089 660 2168 quod
678 2093 761 2149 simili
779 2104 937 2170 angeretur
953 2093 1069 2151 affectu.

260 2175 315 2236 71.
361 2175 555 2236 Veruntamen
574 2195 657 2237 manu
676 2177 840 2237 confricans
859 2179 993 2249 frontem,
1022 2198 1116 2257 aequo
1134 2178 1198 2235 sni-

216 2282 276 2334 mo,
296 2263 396 2341 inquit,
418 2273 511 2321 estote
529 2262 646 2334 fratres,
675 2274 706 2321 et
723 2262 927 2321 misericordes
952 2265 1059 2321 animas
1085 2273 1197 2321 vestras

217 2348 330 2406 consilii
348 2349 459 2407 ratione
478 2348 619 2419 selamim,
639 2348 803 2406 relerentes
821 2348 915 2406 omnia
932 2346 968 2406 ad
987 2346 1086 2418 deum,
1115 2349 1197 2406 cuius

217 2433 303 2490 solius
326 2431 468 2510 implenda
495 2443 526 2491 et
550 2434 579 2489 in
607 2432 736 2491 omnibus
761 2432 954 2510 praeferenda
979 2433 1110 2491 voluntas
1137 2442 1195 2489 est.

217 2516 288 2574 Nam
308 2518 332 2573 si
350 2517 431 2574 verbi
450 2517 544 2593 gratia
563 2536 711 2593 ponamus,
733 2516 808 2595 quod
826 2536 879 2595 pro
898 2518 1004 2575 affectu
1022 2537 1105 2595 quem
1124 2534 1213 2593 erga·

216 2622 267 2658 vos
286 2602 427 2676 gerimus,
457 2612 558 2659 contra
584 2602 758 2659 voluntatem
783 2602 845 2659 aius
864 2611 993 2678 xagentes
1018 2600 1197 2659 resideamus

215 2685 374 2753 vobiscum,
395 2684 525 2762 numquid
544 2705 600 2743 non
620 2696 717 2763 potest
725 2687 810 2743 missa
819 2688 848 2743 in
858 2706 903 2745 mc
912 2696 1017 2756 morte,
1036 2686 1196 2763 profectio·

217 2788 280 2825 ncut
299 2768 367 2825 mibi
385 2788 401 2825 a
419 2769 500 2827 vobis
519 2768 648 2827 indicere
668 2771 848 2847 longiorem?
874 2769 913 2827 Et
939 2768 1006 2833 ideo
1032 2770 1132 2828 melius
1150 2778 1197 2827 est

217 2862 247 2910 ut
265 2852 336 2917 hanc
355 2852 516 2911 breviorem
535 2872 597 2911 cum
616 2854 761 2911 voluntate
779 2855 867 2932 ipsius
884 2854 1065 2931 impleamus,
1095 2864 1195 2931 utpote

216 2935 315 3014 quibus
335 2935 478 2995 delinitum
507 2948 551 2995 est
568 2938 597 2995 in
616 2938 744 2998 omnibus
763 2938 882 3000 obedire
903 2937 973 3011 dco;
1003 2937 1078 2996 unde
1096 2949 1127 2996 et
1143 2958 1195 2995 vos

216 3020 328 3079 debetis
346 3022 429 3079 simili
453 3020 618 3081 obedientia
638 3042 742 3100 parere
760 3025 800 3093 ei,
829 3024 934 3100 quippe
961 3024 1008 3101 qni
1036 3023 1122 3081 etiam
1148 3041 1195 3079 me

111 3104 118 3117 '
212 3127 271 3165 nou
298 3107 355 3165 alia
382 3126 420 3165 ex
447 3126 558 3178 caussa,
588 3107 642 3164 nisi
665 3127 718 3185 pro
745 3108 834 3184 ipsius
856 3125 955 3165 amore
973 3106 1110 3183 diligatis.
1149 3106 1196 3164 Ut

215 3210 286 3268 ergo
305 3192 388 3249 amici
408 3191 454 3250 dei
473 3188 611 3251 voluntati
631 3192 693 3250 eins
711 3192 924 3269 obtemperate,
952 3189 1005 3251 sed
1023 3202 1054 3251 et
1070 3212 1122 3249 vos
1140 3192 1195 3268 ipsi

215 3275 335 3351 probate
359 3274 434 3353 quod
453 3277 553 3334 iustum
581 3287 635 3335 est.
683 3274 825 3353 Numquid
852 3296 909 3334 uon
934 3277 1049 3353 impium
1077 3273 1195 3333 videba-

215 3369 271 3428 tur,
292 3360 316 3415 si
336 3379 398 3417 cum
416 3380 467 3419 vos
487 3360 585 3418 Simon
605 3359 767 3437 deciperet,
786 3379 844 3437 ego
862 3380 919 3418 non
937 3360 1078 3419 venissent
1096 3358 1194 3418 advos

215 3438 347 3499 detentus
358 3462 374 3499 a
385 3444 519 3502 iratribus
530 3445 575 3523 qui
595 3454 678 3502 erant
695 3445 724 3501 in
744 3444 933 3514 Hierusalem,
954 3443 1110 3522 etquidem
1130 3463 1193 3501 cum

215 3525 361 3583 haberetis
380 3526 455 3603 apud
472 3547 523 3585 vos
541 3528 731 3598 Zaccbaenm,
752 3530 840 3587 virum
859 3529 1041 3587 bonumctin
1060 3547 1194 3587 sermone

215 3608 396 3687 expeditum?
415 3609 458 3667 lta
476 3630 547 3688 ergo
568 3623 597 3669 et
615 3632 689 3671 nunc
708 3614 820 3691 impium
839 3612 977 3683 iudicate,
1006 3614 1030 3669 si
1049 3632 1112 3670 cunt
1130 3613 1194 3669 exi-

215 3696 270 3753 erit
289 3694 386 3753 Simon
406 3693 440 3752 ad
460 3706 561 3772 gentes
589 3696 805 3774 impugnandas,
834 3697 935 3775 quibus
961 3697 1051 3754 nullus
1078 3696 1194 3754 omnino

215 3778 351 3838 defensor
369 3791 425 3851 est,
447 3799 502 3859 ego
521 3800 577 3839 non
596 3781 754 3859 subsequar
762 3780 896 3841 detentus
913 3802 931 3840 a
947 3781 1039 3840 vobis.
1070 3780 1196 3858 Propter
