2634 4400
678 249 746 309 {llll

219 457 282 514 aliis
299 475 350 514 vos
369 454 508 532 malignos
527 456 642 532 spiritus
661 465 692 512 et
718 451 875 514 daemones
902 454 1049 533 effugetis,
1078 467 1205 536 atquea

218 541 395 620 passionibus
413 550 443 598 et
461 539 644 615 languoribus
662 537 736 596 alios
754 537 881 598 liberare
898 543 1027 618 possitis.
1050 541 1109 619 lpsi
1128 543 1205 603 euim

219 626 373 684 daemones
390 627 485 683 sciunt
502 634 533 682 et
549 633 711 700 agnoscunt
728 641 781 681 eos
798 625 846 702 qui
860 644 894 682 se
904 623 1078 684 tradiderint
1090 625 1162 697 deo,
1175 637 1206 684 ct

217 709 358 769 interdum
377 709 438 767 sola
457 728 554 767 eormn
574 708 739 785 praesentia
764 709 975 786 propelluntur,
1005 712 1081 768 sicut
1106 712 1204 788 paullo

217 806 284 854 ante
301 794 422 864 m'distis,
443 791 585 872 quomodo
604 811 667 849 cum
686 811 794 872 vocemx
815 803 922 850 tantm
949 795 1133 853 salutationis
1160 796 1205 852 lea

218 881 355 938 cissomus
374 877 409 935 nd
428 898 490 948 vos,
512 879 648 946 continuo
668 875 823 936 daemones
840 889 965 956 propter
981 879 1124 938 bonorem
1133 879 1204 936 reli-

218 966 312 1040 gionis
331 973 447 1022 nostrae
471 961 632 1019 exclamare
661 971 831 1038 coeperunt,
861 972 893 1019 et
908 981 946 1020 nc
963 982 1065 1040 parum
1087 962 1204 1042 quidem

201 1049 354 1125 ⁵temporis
372 1055 525 1124 potueruut
542 1045 621 1102 ferre
639 1047 830 1122 praesentiam
848 1057 988 1104 nostram.

85 1129 89 1136 “
180 1169 185 1176 „
258 1132 317 1188 55.
363 1129 505 1207 Numquid
537 1149 590 1186 nos
621 1130 740 1187 alterius
775 1149 869 1188 sumus
896 1141 1015 1189 naturae
1042 1132 1204 1209 superioris

216 1216 355 1285 alicuius,
384 1225 415 1272 et
439 1225 595 1292 propterea
613 1233 667 1271 nos
684 1212 839 1272 daemones
861 1215 981 1273 timent?
1014 1215 1102 1273 Unius
1125 1218 1217 1274 eius-³*
1311 1272 1312 1281 ,

217 1299 281 1357 dem
308 1299 453 1358 vobiscum
481 1309 600 1355 naturae
626 1318 741 1369 sumus,
778 1297 832 1357 sed
856 1299 1001 1376 religione
1028 1299 1202 1359 differimus.

218 1383 300 1456 Quod
318 1395 348 1442 et
365 1385 389 1440 si
408 1403 458 1442 voe
478 1402 543 1441 esse
561 1383 654 1452 vultis,
676 1402 733 1440 non
751 1381 922 1455 inridemus,
952 1385 1018 1461 quin
1044 1386 1144 1462 potius
1173 1396 1204 1442 et

216 1469 363 1527 hortamur
381 1479 535 1546 certosque
554 1485 619 1524 esse
637 1487 689 1525 ros
706 1469 846 1538 volumus,
867 1467 1027 1545 quodcum
1053 1469 1146 1527 fuerit
1173 1471 1203 1526 in

215 1554 296 1611 vobis
315 1551 414 1611 eadem
434 1553 554 1631 quaein
574 1551 656 1608 nobis
674 1561 719 1610 est
737 1550 810 1610 lidos
831 1562 872 1622 et,
883 1553 990 1630 religio
1007 1571 1043 1611 ac
1059 1554 1140 1611 vitae
1158 1554 1204 1610 in·

216 1639 363 1706 nocentia,
384 1646 585 1695 remunerante
603 1633 659 1693 deo
678 1634 763 1693 iidem
789 1647 925 1707 vestram,
955 1639 1013 1696 erit
1038 1657 1093 1716 par
1118 1637 1203 1695 vobis

216 1735 302 1800 atque
329 1720 429 1779 eadem
457 1722 542 1779 etiam
570 1730 671 1777 contra
699 1719 856 1780 daemones
883 1731 1011 1798 potestas
1037 1732 1069 1780 et
1094 1723 1200 1780 virtus.

218 1807 301 1863 Sicut
319 1805 393 1863 enim
412 1807 436 1863 is
455 1805 501 1882 qni
519 1805 669 1882 acceperit
685 1803 737 1862 sub
755 1823 788 1862 se
805 1805 922 1875 milites,
943 1808 1057 1863 etiamsi
1075 1807 1138 1883 ipse
1157 1808 1203 1864 in⁴

216 1891 318 1959 serior,
340 1899 369 1947 et
388 1890 427 1946 illi
445 1890 610 1965 superiores
628 1889 685 1946 sint
702 1888 821 1959 viribus,
841 1899 937 1947 tamen
947 1888 1020 1949 dicit
1036 1890 1104 1948 buic
1112 1889 1200 1962 vade,

217 1985 246 2031 et
273 1972 361 2044 vadit,
392 1983 421 2031 et
448 1973 496 2029 alii
518 1973 595 2042 reni,
625 1981 655 2029 et
681 1974 776 2043 venit,
797 1974 893 2032 etalii
911 1975 959 2050 lac
978 1974 1046 2045 boc,
1066 1974 1202 2045 etfacit,

216 2058 271 2116 boc
290 2068 384 2115 autern
402 2067 499 2134 potest
516 2077 571 2114 non
590 2056 708 2134 propria
725 2058 830 2116 virtute
857 2057 909 2115 scd
937 2057 1072 2117 Caesaris
1099 2069 1200 2117 metue

216 2144 255 2201 ita
279 2142 371 2201 fidelis
389 2143 508 2221 quisque
536 2139 722 2199 daemonibus
749 2143 881 2220 imperat,
910 2143 1023 2201 etiamsi
1049 2142 1204 2201 rideantur

216 2230 257 2286 illi
275 2229 362 2285 multo
381 2225 625 2285 essebominibus
644 2227 792 2297 fortiores,
813 2248 870 2285 non
887 2238 1009 2305 propter
1034 2247 1114 2285 suam
1142 2229 1202 2286 vir-

216 2324 315 2383 tutem,
336 2310 388 2371 sed
405 2321 525 2389 propter
542 2310 590 2368 dei
609 2310 655 2390 qui
674 2330 727 2369 eos
744 2310 868 2369 subiecit
892 2321 1079 2390 potestatem.
1125 2311 1202 2392 Nam

216 2408 246 2455 et
264 2396 339 2474 quod
358 2395 489 2466 diximus,
510 2395 669 2467 uthaesar
679 2394 758 2473 apud
778 2415 876 2453 omnes
901 2393 1007 2454 milites
1033 2407 1064 2454 et
1090 2397 1120 2452 in
1139 2416 1203 2453 om·

215 2481 296 2539 nibus
315 2482 417 2537 castris
439 2491 524 2558 atque
543 2482 571 2536 in
591 2480 666 2537 omui
685 2499 778 2555 regno
794 2480 940 2548 timeatur,
970 2500 1034 2537 cnm
1061 2480 1100 2537 sit
1126 2500 1202 2538 unus

217 2575 247 2622 et
264 2566 394 2623 fortassis
413 2565 533 2639 exiguus
552 2564 680 2637 viribus,
699 2565 813 2621 nonnisi
839 2574 985 2642 potestate
1012 2562 1061 2621 dei
1087 2565 1203 2641 agitur,

216 2650 263 2725 qni
282 2650 413 2705 timorem
432 2646 480 2704 dat
497 2647 625 2705 omnibus
643 2658 674 2705 ut
692 2650 740 2706 nni
759 2648 970 2725 obtemperent.

258 2730 315 2789 54.
363 2732 423 2788 lloc
442 2750 510 2788 sane
530 2733 606 2789 scire
625 2751 676 2789 vos
692 2733 821 2790 volumus
830 2729 906 2810 qnod
916 2729 1049 2802 daemon,
1069 2733 1126 2789 nisi
1137 2733 1202 2811 quis

216 2813 405 2873 voluntatibus
424 2816 485 2871 eins
504 2833 535 2872 se
554 2826 654 2891 sponte
674 2814 843 2887 subdiderit,
864 2815 1199 2893 potestatemadversum

216 2899 357 2956 bominem
377 2918 433 2955 non
452 2898 548 2955 babet.
598 2897 679 2956 Unde
706 2902 815 2978 etipse
835 2902 882 2979 qui
901 2911 946 2959 est
962 2901 1099 2979 princeps
1117 2900 1201 2957 mali-

216 2984 286 3053 tiae,
307 2982 342 3040 ad
361 2982 434 3040 bunc
453 3001 535 3060 quem
554 2980 675 3040 diximus
692 3002 710 3041 a
727 2982 784 3042 deo
802 2984 972 3043 destinatum
991 3004 1093 3060 regem
1116 2982 1199 3061 pacis

216 3070 340 3126 accessit
359 3078 483 3137 tentans,
504 3077 534 3127 et
550 3068 682 3145 polliceri
701 3069 729 3125 ei
747 3070 845 3146 coepit
863 3069 974 3126 omnem
985 3069 1108 3145 gloriam
1118 3087 1200 3125 mun·

217 3152 256 3224 di,
277 3151 352 3230 quod
371 3172 433 3210 cum
452 3152 515 3209 aliis
538 3148 688 3209 obtulisset
714 3150 877 3230 decipiendi
904 3171 1018 3220 caussa,
1047 3150 1199 3209 adoratum

217 3256 248 3294 se
267 3248 397 3294 noverat.
445 3236 548 3313 lmpius
567 3247 596 3294 et
614 3237 763 3293 immemor
787 3236 846 3304 sni,
875 3234 952 3313 quod
979 3246 1026 3293 est
1049 3236 1200 3312 proprium

217 3331 256 3377 et*
273 3320 398 3397 speciale
424 3320 560 3388 malitiae,
590 3314 763 3375 adorandum
782 3337 814 3375 se
832 3318 923 3377 abeo
946 3317 1163 3395 praesumebat,
1182 3338 1201 3375 a

218 3422 272 3478 qno
300 3420 331 3459 se
359 3412 479 3459 noverat
496 3400 711 3460 destruendum.
748 3400 885 3458 Dominus
903 3420 977 3478 ergo
995 3412 1097 3461 noster
1114 3403 1202 3460 unius

217 3484 264 3543 dei
283 3486 387 3541 cultum
406 3485 587 3553 confirmans,
608 3483 756 3560 respondit
775 3485 818 3541 ei:
835 3485 863 3553 ¹)
892 3485 1037 3562 Scriptum
1056 3495 1118 3556 est,
1145 3483 1201 3563 do-

217 3570 319 3626 rninum
339 3567 420 3624 deum
439 3578 515 3625 tuum
534 3566 666 3625 adorabis
685 3576 715 3623 et
732 3567 773 3624 illi
791 3566 845 3623 soli
863 3569 990 3639 servies,
1011 3588 1201 3646 quarespon·

217 3655 297 3712 sione
316 3651 481 3719 deterritus,
503 3661 532 3707 et
550 3660 678 3709 metuens
696 3651 832 3708 nennius
850 3659 879 3704 et
896 3652 960 3707 veri
978 3649 1026 3711 dei
1043 3670 1203 3730 reparare·

216 3774 428 3788 μιν*-

254 3836 279 3895 Ι)
296 3836 387 3882 Mattlt.
405 3837 429 3894 4,
448 3836 488 3878 to.
