2634 4400
579 295 646 354 155

506 385 719 398 μι--υ-ι-ι-ι-

116 519 238 578 sporum
265 499 318 557 sibi
346 501 375 556 in
402 499 498 556 futuro
525 497 689 558 mercedem
710 509 807 557 certus
826 511 870 558 ost
888 514 1100 580 praeparatam,

114 605 173 664 per
191 585 284 642 omnia
308 581 451 642 demirans
474 594 506 641 et
522 595 639 661 stupens
658 595 839 642 caeterorum
859 586 1001 644 bertuinum
1020 607 1104 646 erro·

116 689 178 739 res,
200 680 230 728 et
249 667 324 747 quod
342 679 409 726 ante
429 669 528 726 ocuios
555 669 677 747 positam
703 669 854 727 veritatem
882 689 966 729 nemo
992 670 1100 730 videat.

117 755 185 833 lpse
203 764 298 811 tamen
317 751 445 831 gaudens
464 771 551 830 super
577 753 682 812 divitiis
709 754 868 831 sapientiae
895 774 963 832 quas
982 756 1101 827 invenit,

116 837 382 921 insatiabiliter'eis
399 838 607 916 perfrui'cupit
625 847 655 896 et
672 839 815 896 exercitio
833 838 971 897 bonorum
986 859 1103 918 operum

117 924 291 994 delectatur,
312 923 451 981 festinans
470 922 505 980 ad
525 923 669 980 saecnium
692 924 815 981 tutorum
834 923 937 981 mundo
957 924 1047 983 eorde
1074 935 1106 983 et

117 1029 191 1087 pura
205 1004 388 1066 'conscientia
406 1009 570 1084 pervenire,
591 1007 638 1065 ubi
658 1008 743 1066 etiam
765 1006 866 1066 videre
894 1007 976 1068 oleum
1003 1028 1103 1087 regem

118 1093 242 1151 onmium
261 1093 363 1170 possit.

144 1176 195 1235 a.
243 1177 293 1234 iiis
311 1186 405 1234 antem
429 1177 557 1235 omnibus
577 1187 679 1236 carere
696 1195 750 1236 nos
769 1189 799 1236 et
816 1178 958 1251 fraudari,
980 1181 1042 1238 noia
1060 1179 1106 1238 ia-

118 1264 159 1320 cit
177 1262 351 1338 ignorantia.
398 1258 488 1319 Deum
508 1263 583 1319 enim
602 1262 736 1338 ignorant
753 1263 1104 1341 hominesquantumboni

116 1347 223 1406 habeat
241 1347 373 1416 scientie,
395 1346 575 1422 ignorantiae
595 1348 695 1404 maium
715 1345 752 1404 de
771 1366 802 1404 se
822 1367 878 1405 non
897 1350 1104 1425 patiunturen-

118 1430 211 1502 ciudi3
233 1427 365 1488 nesciunt
383 1431 457 1489 cuim
477 1440 581 1508 quauta
600 1431 684 1488 sitin
703 1430 802 1488 horum
821 1433 1031 1508 permutatione
1061 1431 1104 1489 di-

116 1518 252 1574 versitas.
300 1515 422 1593 Propter
440 1513 514 1592 quod
534 1514 683 1572 consilium
703 1511 740 1572 do
758 1516 910 1592 unicuique
921 1515 1101 1587 discentium,

117 1601 244 1659 libenter
269 1599 412 1678 praehere
431 1618 528 1657 aurem
548 1599 638 1658 verbo
655 1598 714 1669 dei,
744 1610 774 1656 et
800 1619 863 1658 cunr
882 1619 981 1658 amore
999 1601 1105 1659 verita-

117 1686 154 1743 tis
173 1683 272 1744 audire
293 1703 364 1763 quae
383 1682 518 1754 dicimus,
548 1695 578 1741 ut
597 1704 676 1742 mons
695 1685 803 1762 optimo
822 1685 931 1743 semine
953 1693 1108 1765 suscepto,²

117 1789 172 1849 per
189 1769 281 1828 bonos
300 1779 380 1827 actus
400 1769 492 1826 iactos
520 1767 633 1826 adiurat
659 1770 780 1827 fructus.
827 1768 899 1826 Narn
928 1770 952 1827 si
979 1788 1025 1827 mc
1052 1768 1104 1826 do-

118 1865 206 1913 cente
225 1871 352 1931 eaquae
372 1853 407 1910 ad
427 1853 545 1910 saiutem
565 1855 722 1931 pertinent,
743 1854 876 1931 recipcre
904 1854 966 1931 quis
993 1853 1103 1922 abnuit,

59 1931 65 1940 ’
118 1949 148 1997 et
168 1941 262 1997 animo
281 1940 376 2016 pravis
395 1937 577 2016 opinionibus
597 1948 739 2017 occupato
758 1937 901 1996 obsistere
916 1939 1026 2010 nititur,
1047 1957 1105 1996 non

119 2043 156 2083 ex
175 2023 269 2093 nouis,
290 2019 342 2081 scd
361 2041 398 2080 ex
416 2023 571 2100 semetipso
591 2023 707 2081 habebit
725 2021 866 2101 pereundi
885 2042 1025 2082 caussam.
1046 2021 1105 2082 De-

117 2109 253 2168 batonim
269 2097 349 2166 iusto'
361 2106 468 2165 iudicio
487 2109 650 2166 examinare
669 2126 742 2186 quae
758 2107 888 2179 dicimus,
900 2107 1105 2183 etinteiiigere

118 2195 185 2273 quia
203 2191 291 2252 verba
310 2193 450 2271 loquimur
468 2194 608 2262 veritatis,
630 2204 661 2251 ut
679 2193 803 2269 cognitis
831 2193 873 2249 iris
900 2212 973 2269 quae
992 2201 1057 2249 suut
1073 2202 1106 2249 ut

118 2290 195 2349 sunt,
217 2290 247 2337 ct
265 2278 292 2335 in
312 2278 393 2335 bonis
412 2277 522 2335 actibus
541 2275 671 2353 dirigens
689 2278 774 2333 vitant
793 2295 882 2344 suam,
903 2276 985 2349 regni
1005 2274 1107 2332 coeio·
1162 2280 1170 2291 ⁸

118 2384 181 2423 rum
201 2363 292 2441 possit
309 2351 454 2441 particeps
473 2361 606 2431 inveniri,
628 2360 784 2418 subiiciens
803 2358 856 2416 sibi
876 2360 971 2415 carnis
990 2356 1105 2415 doside·

118 2451 174 2519 ria,
197 2459 227 2506 et
245 2447 373 2505 dominus
392 2464 489 2505 eorum
509 2447 611 2516 fractus,
633 2456 664 2502 ut
681 2446 723 2503 ita
739 2442 851 2503 demam
869 2444 956 2501 ctiam
975 2443 1037 2520 ipse
1055 2442 1106 2499 iiat

119 2533 307 2595 dominatoris
325 2532 448 2590 omnium
468 2529 589 2589 iucunda
604 2532 761 2608 possessio.

131 2636 133 2645 ’
162 2615 197 2675 9.
242 2616 314 2675 Nam
333 2618 380 2695 qui
399 2626 548 2694 permanet
566 2616 594 2672 in
613 2614 688 2672 maio
707 2624 738 2673 et
754 2633 855 2673 servus
874 2623 919 2672 cst
944 2612 1026 2683 maii,
1047 2632 1104 2669 non

119 2712 219 2782 potest
238 2702 315 2761 effici
335 2702 430 2780 portio
450 2700 529 2771 boni,
550 2699 643 2758 donec
661 2708 811 2779 permanet
829 2699 857 2755 in
876 2698 963 2769 maio,
984 2698 1049 2773 quia
1068 2696 1104 2753 ab

119 2788 203 2845 initio
222 2798 252 2844 ut
268 2798 336 2844 ante
355 2786 488 2855 diximus,
509 2786 564 2845 duo
585 2803 675 2862 regua
694 2785 792 2844 statuit
810 2781 898 2852 deus,
928 2792 958 2841 ct
975 2791 1104 2860 potcsta-

120 2884 178 2930 tcm
197 2870 276 2929 dedit
293 2871 446 2949 unicuique
465 2872 617 2939 bominum,
639 2881 670 2927 ut
688 2871 762 2929 iilius
777 2868 1036 2946 regnifratportio,
1057 2866 1111 2922 cui-

118 2976 151 3017 so
162 2955 198 3015 ad
210 2953 399 3012 obediendum
410 2957 471 3031 ipse
481 2954 648 3012 subiecerit.
671 2954 706 3011 Et
724 2955 790 3032 quia
809 2951 954 3011 delinitum
966 2961 1011 3009 est
1029 2946 1105 3027 apud

119 3042 216 3106 deum,
238 3056 293 3093 non
312 3054 396 3113 posse
407 3056 489 3093 uuum
501 3038 642 3094 homiuem
652 3038 799 3111 utriusque
809 3037 893 3111 regui
903 3054 968 3092 csse
978 3050 1110 3101 servum·

119 3122 199 3184 omni
209 3118 302 3179 studio
313 3119 380 3177 date
391 3138 518 3196 operam,
539 3121 567 3176 iu
578 3118 645 3176 boui
656 3120 735 3195 regis
745 3116 847 3175 foedus
857 3137 891 3174 ac
902 3119 963 3174 iura
982 3132 1106 3172 concur·

119 3226 200 3268 rere.
231 3204 352 3282 Propter
367 3203 421 3260 hoe
432 3202 555 3282 deniquc
564 3221 649 3261 verus
659 3202 798 3280 propheta
809 3220 872 3259 curn
882 3210 1106 3276 essetpraescus

120 3292 281 3360 uobiscum,
294 3301 324 3348 ct
333 3287 468 3366 quosdam
480 3308 516 3347 cx
526 3287 658 3346 divitibus
669 3287 852 3363 negligentes
862 3303 933 3362 erga
943 3282 990 3342 dei
1001 3282 1104 3341 cultum

120 3377 244 3447 videret,
258 3375 338 3433 huius
349 3374 391 3432 rci
406 3374 445 3431 ita
459 3374 573 3451 aperuit
585 3374 753 3431 veritatem:
769 3372 797 3440 ¹)
822 3368 915 3428 Neruo
933 3376 1041 3447 potest,
1061 3368 1106 3424 iu·

122 3463 197 3547 quit,
228 3459 336 3534 duobus
355 3457 476 3517 dominis
494 3458 621 3528 servire,
650 3478 708 3514 nou
731 3456 853 3534 potestis
871 3452 926 3513 deo
945 3452 1058 3511 serviro
1074 3462 1106 3510 et

120 3563 313 3615 mammonam
333 3562 491 3609 mammona
508 3542 599 3621 patria
618 3560 717 3599 corarm
735 3557 810 3597 voce
828 3537 940 3597 diuitias
957 3554 1076 3611 vocans.

166 3629 220 3688 10.
268 3628 320 3687 Hic
339 3646 412 3703 ergo
431 3638 476 3685 est
492 3644 577 3685 verus
596 3626 748 3705 propheta,
779 3625 825 3701 qui
853 3624 880 3678 in
901 3619 1006 3678 iudaea
1023 3618 1106 3701 nobip

121 3715 253 3794 apparuit
275 3722 306 3771 ut
322 3712 460 3784 audistis3
494 3712 540 3792 qui
560 3721 637 3769 stans
654 3709 769 3791 pubiicc
792 3707 853 3766 soiu
871 3705 997 3764 iussione
1015 3704 1108 3763 iacie-
1199 3714 1207 3731 ⁸

134 3910 138 3915 '
160 3900 184 3961 ¹)
202 3899 293 3948 matth.
311 3904 336 3959 6,
356 3902 396 3946 24.
451 3962 453 3967 Α
