2634 4400
447 245 723 367 ‘''tao

200 488 382 558 necessarios
400 483 552 564 prodesse,
573 503 624 542 ros
643 502 682 542 ex
693 455 888 542 eufran-maudo
902 481 986 553 deos,
998 485 1121 542 otiosam
1131 502 1186 562 per

201 574 294 632 omnia
313 590 375 630 eam
393 581 478 648 utque
497 569 624 628 inutilem
644 565 821 626 reddidistis.
855 565 917 626 Nos
935 584 1009 644 crgo
1026 567 1185 626 adnuncia-

199 677 260 716 mus
279 657 360 716 rolais
378 661 475 714 verum
495 652 541 712 dei
560 653 678 723 cultum,
697 653 836 730 simulque
853 668 1000 711 monemus
1027 663 1059 712 et
1085 652 1187 711 lrorta·

200 760 262 800 mur
280 741 418 810 cultores,
439 749 469 798 ut
487 757 539 817 per
557 737 648 796 bonos
666 747 749 795 actus
767 737 913 796 innitentur
930 756 994 798 eun
1020 757 1105 814 quern
1132 757 1185 796 eo·

199 828 271 897 lunt,
293 823 377 883 etad
395 824 547 901 imaginem
566 841 600 880 ac
619 819 831 880 similitudinem
850 823 924 892 eius,
945 832 976 880 ut
993 823 1127 900 saporius
1140 820 1186 880 di·

199 911 302 981 ximus,
323 907 420 967 rcdire
439 909 587 967 festinent.

201 1022 202 1025 ¹
245 993 298 1052 lii.
345 993 439 1051 Velim
458 1003 550 1050 autem
571 990 703 1050 dicerent
720 991 787 1051 midi
805 991 835 1049 lti
852 992 900 1068 qui
918 989 996 1048 idola
1014 991 1129 1060 colunt,
1159 991 1185 1049 si

201 1088 300 1158 optant
317 1078 424 1136 similes
443 1077 506 1134 lieri
525 1075 569 1134 his
588 1095 658 1154 quos
678 1077 786 1134 colunt.
812 1075 920 1134 Vultue
937 1076 1039 1154 aliquis
1057 1087 1184 1134 vestrum

201 1165 243 1222 sic
261 1160 361 1229 ridere
381 1160 529 1239 quomodo'
542 1161 582 1218 illi
601 1158 717 1219 vident?
736 1160 826 1220 etsie
844 1158 946 1218 audire
972 1159 1116 1238 quomodo
1144 1160 1186 1217 illi

199 1244 334 1306 audiunt?
353 1246 394 1304 sic
414 1245 520 1305 habere
539 1265 651 1304 sensum
672 1243 813 1323 quomodo
833 1243 872 1303 illi
891 1243 1016 1319 habenti
1033 1242 1120 1302 Alasit
1128 1244 1185 1302 troc

199 1331 237 1389 ab
255 1349 427 1408 unoquoque
447 1329 636 1400 audientium
665 1329 722 1387 lroc
740 1330 815 1388 onim
833 1325 1020 1388 maledictum
1031 1330 1128 1408 potius
1155 1339 1188 1388 et

200 1415 360 1474 convicium
388 1413 562 1473 credendum
590 1425 635 1472 est
660 1414 779 1484 homini,
801 1414 847 1492 qni
866 1413 1018 1490 imaginem
1037 1412 1084 1472 dei
1104 1414 1132 1474 iu
1151 1431 1185 1472 sc

201 1500 288 1578 gerit,
310 1500 422 1558 etiamsi
441 1497 651 1557 similitudinem
671 1497 808 1576 perdidit.
856 1498 962 1570 Quales
979 1517 1052 1575 ergo
1074 1497 1115 1555 dii
1133 1497 1185 1556 lra-

199 1581 287 1642 bendi
305 1595 370 1642 sunt
387 1584 445 1654 isti,
467 1603 537 1660 qnos
555 1580 857 1641 imitari'exsecraltile
880 1583 918 1640 sit
935 1582 1183 1652 cultoribus'snis‚

200 1645 319 1748 quodum
338 1665 548 1726 similitudinem
566 1666 675 1726 habere
703 1665 875 1726 contumelia
901 1671 963 1724 est?
992 1666 1065 1738 Qntt
1092 1671 1186 1743 ergol
1242 1683 1245 1686 ’

200 1751 312 1810 Solvite
331 1751 482 1810 simulacra
500 1751 620 1822 inutilia,
642 1761 672 1810 ot
689 1752 778 1811 inrito
796 1770 863 1808 vasa
879 1751 975 1822 utilia3
995 1752 1098 1809 solvite
1109 1752 1187 1809 otio·

200 1855 259 1895 snm
278 1838 445 1914 pigramque
464 1837 623 1906 materiam,
644 1847 675 1894 et
691 1837 778 1894 tacite
797 1834 919 1894 humano
936 1836 998 1895 usui
1016 1845 1085 1913 apta
1102 1836 1188 1894 mini-

200 1920 300 1978 steria.
348 1919 408 1978 Sed
435 1941 491 1978 nou
518 1922 632 1990 sinunt,
660 1921 767 1997 inquit,
791 1920 874 1997 leges
892 1919 1043 1978 humanae.
1090 1919 1184 1991 Bene,

201 1999 268 2082 qula
286 2003 425 2060 humanae
444 2005 537 2080 leges,
559 2015 589 2062 ct
606 2023 664 2060 non
681 2005 808 2082 ipsorum
825 2005 925 2063 virtus.
952 2002 1100 2076 Quomodo
1111 2022 1187 2081 ergo

201 2085 241 2145 dii
260 2097 325 2146 suut
343 2088 389 2165 qui
409 2087 536 2145 humanis
556 2086 668 2165 legibus
687 2097 790 2146 elnon
809 2089 868 2147 suis
889 2087 998 2147 viribus
1024 2088 1186 2148 defendun-

200 2175 265 2232 tur?
284 2171 384 2251 sicque
403 2183 434 2231 et
450 2192 467 2231 a
486 2172 595 2232 luridus
623 2191 723 2231 canum
746 2173 852 2249 vigiliis
871 2183 901 2233 et
918 2173 1105 2232 claustrorum
1125 2194 1187 2233 nru-

92 2313 96 2321 ,
200 2256 356 2317 ultionibus
374 2269 593 2329 conservantur,
615 2270 645 2317 et
663 2258 718 2317 hoc
737 2260 761 2316 si
779 2259 887 2317 luerint
903 2269 1044 2334 argentea
1071 2260 1116 2318 vel
1135 2279 1187 2318 nu·

200 2360 252 2401 rua
270 2342 314 2401 vel
335 2344 420 2401 etiam
439 2362 542 2416 aerea3
563 2363 626 2401 nam
644 2342 758 2420 lapidea
780 2353 811 2401 et
837 2343 936 2401 fictilia
961 2344 1024 2420 ipsa
1050 2344 1094 2401 sui
1119 2344 1187 2401 rili·

200 2436 261 2485 tatc
280 2428 452 2499 muniuntur,
473 2446 556 2486 nomo
567 2430 651 2486 cuim
670 2426 812 2505 lapideum
830 2438 883 2491 aut¹
896 2427 1013 2507 fictilem
1037 2426 1121 2487 deum
1137 2429 1186 2487 l'u·

201 2521 292 2569 ratum
340 2510 421 2570 Unde
439 2512 665 2571 miserabiliores
683 2510 815 2571 videntur
831 2511 872 2583 lai,
902 2512 1003 2589 quibos
1029 2513 1187 2590 pretiosius

109 2604 112 2613 '
201 2595 344 2653 metallum
363 2595 491 2674 pericula
510 2597 648 2654 viciniora
668 2597 822 2674 conquirit.
870 2596 922 2668 Qui
933 2616 1006 2673 ergo
1016 2597 1105 2655 iurari
1115 2617 1186 2678 pos·

202 2688 277 2748 sunt,
307 2679 353 2756 qui
380 2679 415 2737 ab
442 2674 601 2738 hominibus
629 2679 779 2750 custodiri,
808 2680 855 2758 qui
874 2678 992 2738 coullari
1011 2691 1041 2739 et
1058 2678 1186 2758 appendi

200 2772 233 2819 et
250 2762 359 2821 malleis
378 2761 476 2835 caedi,
506 2764 551 2822 isti
579 2764 739 2824 hominibus
757 2783 869 2824 sensum
888 2764 1056 2824 habentibus
1074 2764 1113 2823 dii
1132 2765 1186 2824 do-

201 2844 271 2903 licut
289 2844 399 2905 rideri?
718 2844 724 2849 ’

246 2926 300 2986 te.
348 2929 417 2987 0in
437 2930 568 3009 quantam
587 2936 729 2993 miseriam
756 2935 916 2994 mortalium
944 2933 1052 3007 decidit
1078 2934 1186 2993 intelli-

201 3014 314 3091 'gen‘tinl
349 3013 422 3072 Nam
446 3016 471 3073 si
490 3029 617 3077 mortuos
636 3020 738 3077 timere
756 3038 882 3077 summae
893 3020 1038 3078 'stultitiae
1057 3018 1182 3091 ducitur,

201 3095 269 3175 quid
288 3096 444 3158 iudicemus
463 3097 561 3159 dehis
580 3104 626 3181 qui
646 3102 774 3162 deterius
790 3101 908 3181 aliquid,
929 3124 1011 3181 quam
1029 3114 1094 3163 sunt
1106 3123 1185 3161 mor·

197 3182 255 3252 tui,
275 3183 394 3243 timenti
411 3185 467 3243 ista
485 3185 559 3243 enim
577 3187 728 3246 simulacra
746 3206 801 3246 nco
818 3188 847 3245 in
866 3198 1041 3245 mortuorum
1064 3207 1185 3246 numero

201 3264 333 3324 habenda
351 3279 426 3339 snut,
458 3269 524 3347 quia
541 3289 681 3347 uunquam
707 3273 851 3329 vixerant.
897 3270 1093 3329 Praelerendn
1119 3280 1186 3329 sunt

149 3370 155 3387 ¹
202 3348 245 3405 eis
265 3350 349 3409 etiam
368 3351 501 3430 sepulcra
519 3362 705 3424 mortuorum,
727 3355 858 3431 quoniam
882 3355 952 3413 licet
978 3374 1053 3413 nunc
1080 3357 1187 3413 mortui

202 3442 279 3503 sunt,
293 3432 460 3493 'habuerunt
476 3445 570 3493 tamen
589 3434 742 3511 aliquando
760 3440 858 3509 vitam,
878 3439 926 3495 isti
942 3448 1037 3497 autem
1052 3456 1187 3517 quoscu-

197 3513 273 3586 -litis,
293 3520 347 3575 uec
358 3536 420 3576 earn
432 3516 543 3595 quidem
555 3520 684 3595 quaeest
693 3520 722 3577 in
733 3522 862 3579 omnihus
872 3523 1031 3592 teterrima,
1051 3542 1186 3581 ranarum

201 3617 236 3657 ac
263 3598 404 3659 bubonum
431 3600 515 3659 vitam
542 3601 694 3679 aliquando
721 3602 885 3681 gesserunt.
933 3604 993 3663 Sed
1015 3604 1088 3682 ,qnid
1114 3626 1187 3683 opus

140 3744 149 3763 .
203 3694 248 3743 est
266 3682 302 3743 de
320 3685 364 3743 his
382 3685 462 3763 plura
481 3702 652 3757 memorare,
674 3707 736 3746 cum
754 3689 878 3747 sufficiat
896 3686 996 3747 dicere
1015 3690 1043 3747 ei
1057 3688 1188 3768 quiade·

201 3776 247 3825 rot
265 3786 318 3849 ea:¹
336 3766 402 3826 Non
421 3765 503 3825 rides
520 3768 586 3847 quia
609 3789 692 3848 quem
709 3769 830 3845 adoras,
850 3792 906 3831 uon
925 3770 1021 3831 videti
1038 3772 1106 3831 audi
1119 3775 1187 3849 quia

202 3870 285 3928 quern
304 3850 419 3923 adoras,
440 3871 496 3909 uon
515 3851 612 3911 auditi
640 3866 670 3913 et
695 3856 825 3933 intellige
852 3857 918 3935 quia
944 3876 1002 3913 nun
1028 3856 1184 3934 intelligit?
1217 3912 1223 3927 ,
