2634 4400
122 509 241 568 operam
260 485 405 565 impendat
422 505 456 544 ae
475 489 656 564 semetipsum
675 489 703 543 iu
724 486 853 544 onmilms
870 487 984 564 probet,
1004 499 1035 546 nt
1052 490 1104 546 tri·

123 575 175 632 bus
195 575 237 632 tis
256 571 399 630 mensibus
418 573 618 630 consummatis
636 572 665 628 in
685 570 731 644 die
750 571 825 641 sesto
843 574 933 649 possit
950 572 1099 650 baptizari.

123 659 318 736 Baptiaaliitur
335 667 429 733 autem
448 657 637 734 unusquisque
657 667 780 715 vestrum
799 657 828 713 in
842 658 922 734 aquis
930 657 1103 737 perennibus

123 744 238 802 nomine
267 744 358 800 trinae
385 741 569 800 beatitudinis
586 743 731 816 invocato
758 760 845 818 super
871 761 919 812 se,
948 754 1103 820 perunctus

124 830 216 906 primo
245 829 310 885 oleo
337 845 390 904 per
417 827 576 885 orationem
604 827 798 909 sanctificato,
817 835 847 883 ut
865 827 905 884 ita
922 825 1033 885 demum
1051 847 1104 906 per

123 913 198 970 liaeo
218 922 404 970 consecratus
422 911 512 988 possit
529 911 680 988 percipere
700 909 736 968 de
754 912 871 969 sanctis.

167 995 223 1056 68.
269 997 386 1054 Etcum
405 996 491 1054 multa
510 995 629 1054 dixisset
647 993 683 1054 de
702 997 814 1054 ratione
832 995 978 1074 baptismi,
1008 995 1104 1054 dimis-

124 1085 163 1140 sis
183 1081 273 1140 turbis
291 1080 326 1139 ad
345 1081 456 1138 solitam
476 1099 507 1138 se
526 1082 638 1158 recepit
654 1081 842 1151 mansionem,
862 1081 957 1159 ibique
967 1081 1104 1140 adstanti·

124 1168 177 1226 hus
196 1167 248 1224 sihi
268 1165 430 1236 duodecim,
451 1163 479 1222 id
499 1176 553 1234 est,
573 1165 727 1223 Zacchaeo
746 1176 776 1223 et
794 1165 951 1244 Sophonia,
981 1166 1103 1245 loseplro

125 1262 156 1309 et
173 1251 317 1322 Michaea,
337 1249 477 1308 Eleazaro
497 1261 526 1307 et
546 1249 680 1318 Phineos,
700 1249 812 1308 Lazaro
831 1262 861 1308 et
880 1251 1030 1321 Helisaeo,
1059 1270 1103 1309 me

126 1336 275 1393 Clemente
295 1345 324 1392 et
342 1333 514 1404 Nicodemo,
535 1333 639 1392 Niceta
659 1345 690 1392 et
704 1335 829 1411 Aquila,
859 1335 914 1393 lroe
932 1336 1017 1393 modo
1037 1357 1104 1413 pro-

126 1422 257 1498 loquutus
276 1430 335 1478 est:
357 1418 578 1477 Consideremus
592 1420 709 1488 fratres,
730 1417 803 1495 quod
823 1420 995 1492 iustumest3
1016 1419 1104 1478 debe-

124 1525 186 1562 mus
203 1502 275 1562 enlin
295 1505 428 1562 auxilium
447 1502 562 1580 aliquod
580 1505 658 1560 ferre
678 1502 821 1580 gentibus,
843 1523 915 1580 quac
931 1502 966 1560 ad
985 1505 1104 1562 salutem

124 1599 247 1647 vocatae
265 1598 340 1646 sunt.
387 1588 443 1666 lpsi
462 1586 579 1645 audistis
598 1586 672 1666 quod
692 1587 790 1646 Simon
809 1587 987 1666 praecedere
1005 1590 1121 1651 rolensx

125 1676 183 1732 iter
201 1685 326 1732 nostrum
346 1675 494 1750 profectus
512 1683 567 1742 cst,
589 1693 671 1750 quem
699 1683 867 1750 oportuerat
885 1675 1042 1750 evestigio
1062 1675 1108 1730 in-

125 1760 220 1836 sequi,
249 1769 280 1816 ut
305 1757 396 1816 sicubi
415 1758 525 1835 aliquos
544 1757 713 1816 subvertere
732 1768 858 1815 tentaret
880 1759 1016 1816 continuo
1035 1778 1109 1816 con-

125 1845 303 1901 futaretur-a
321 1841 415 1901 nobis.
450 1840 522 1918 ¹Sed
541 1844 673 1920 quoniam
691 1842 822 1900 iniustum
841 1843 908 1900 mihi
927 1843 1057 1915 videtur,
1074 1855 1109 1901 ut

124 1927 274 1986 derelictis
297 1929 340 1986 lris
368 1928 415 2004 qui
441 1927 497 1984 iam
524 1927 656 1986 conversi
684 1927 803 1986 suntad
820 1926 921 2000 deum,
941 1948 1039 1987 eornm
1058 1931 1108 2006 qui

88 2059 101 2067 ,
125 2011 219 2070 adhue
247 2013 332 2088 longa
360 2022 425 2069 sunt
452 2031 546 2070 curam
574 2014 765 2090 proferamus,
794 2025 905 2071 rectum
927 2024 996 2091 poto
1015 2013 1108 2072 trilrus

126 2097 271 2154 mensibus
289 2115 459 2174 permanere
478 2116 523 2156 me
542 2093 604 2154 cnm
623 2097 667 2155 his
686 2098 733 2175 qui
753 2098 783 2157 in
810 2099 865 2156 luae
892 2099 1009 2157 civitate
1036 2119 1107 2157 cour

126 2182 203 2240 versi
222 2180 339 2241 suntad
358 2180 454 2253 fidem,
483 2193 513 2241 et
540 2182 682 2241 firmiores
707 2202 759 2241 eos
778 2183 908 2253 allicere,
938 2204 993 2243 uec
1011 2194 1105 2241 tamen

125 2268 191 2324 illos
211 2268 257 2344 qui
275 2266 366 2325 adhuc
384 2267 471 2344 longe
489 2278 554 2325 sunt
571 2268 684 2344 penitus
708 2267 872 2343 negligere,
901 2286 937 2325 ne
964 2270 1052 2338 forte,
1080 2271 1107 2325 si

127 2351 174 2409 diu
193 2353 311 2409 venenis
329 2353 471 2429 pessimae
490 2350 639 2409 doctrinae
658 2350 831 2420 inficiantur,
861 2350 1004 2409 difficilius
1022 2372 1106 2409 υονο-
1194 2399 1201 2407 .

123 2447 241 2495 centur.
288 2436 324 2493 Et
343 2436 409 2495 ideo
427 2435 506 2506 volo,
526 2437 551 2495 si
569 2446 664 2495 tamen
682 2436 766 2493 etiam
778 2435 1103 2508 vobisinstumvidetur,

125 2532 157 2579 ut
176 2540 229 2597 pro
247 2521 398 2579 Zacchaeo
418 2540 499 2597 quem
518 2521 564 2578 hic
575 2519 766 2579 ordinavimus
776 2521 952 2597 episcopum,
973 2521 1106 2579 subiici:-

126 2617 174 2663 tur
191 2605 219 2661 in
239 2625 356 2663 numero
375 2604 529 2672 Beniamim
549 2606 622 2665 filius
637 2604 725 2674 Salia,
745 2615 775 2663 et
792 2624 845 2682 pro
855 2605 1004 2665 Clemente
1023 2627 1105 2683 quem

119 2688 245 2747 decrevi
264 2709 372 2749 meeum
392 2709 506 2767 semper
524 2709 601 2760 esse,
622 2690 694 2767 quia¹
706 2709 744 2747 ex
761 2689 894 2766 gentibus
921 2692 1038 2749 veniens
1056 2712 1106 2749 au-

127 2773 225 2832 diendi
251 2776 332 2837 verbi
360 2774 408 2833 dei
433 2773 543 2851 grande
571 2772 744 2837 desiderium
771 2775 859 2852 gerit,
887 2772 1014 2833 Ananias
1033 2776 1107 2835 lilius

127 2859 224 2928 Salra,
247 2878 299 2936 pro
318 2858 424 2917 Niceta
441 2878 512 2917 vero
531 2870 561 2917 et
577 2858 699 2937 Aquila,
720 2859 766 2937 qui
785 2878 875 2938 nuper
893 2862 1024 2918 conversi
1040 2872 1108 2918 sunt

126 2942 165 3001 ad
192 2942 277 2999 iidem
305 2943 429 3013 Christi,
458 2941 581 3002 Rubelus
607 2944 751 3025 Zacchaei
779 2944 869 3001 irater
896 2955 927 3001 et
951 2945 1107 3003 Zacharias

126 3037 265 3085 structor.
313 3025 378 3084 lstis
398 3046 469 3103 ergo
489 3039 609 3104 quatuor
626 3048 679 3105 pro
697 3026 741 3084 luis
760 3028 1107 3104 quatuorsubstitutiscx-

127 3112 200 3189 pleri
219 3109 286 3167 volo
304 3106 454 3169 duodecim
472 3129 629 3181 numerum,
648 3121 680 3168 ut
696 3129 742 3168 me
760 3112 789 3167 in
806 3111 875 3187 ipsis
888 3130 1107 3189 sempersecum

127 3214 193 3255 esse
212 3194 317 3251 sentiat
336 3193 445 3251 Simon.
878 3207 883 3222 ¹

171 3276 228 3336 69.
275 3276 470 3355 Seqnestratis
488 3280 577 3357 igitur
594 3300 638 3339 me
658 3279 806 3337 Clemente
825 3278 1107 3359 etNicetaetAqui-

127 3366 167 3434 la,
188 3360 225 3421 ad
243 3363 306 3420 illos
325 3361 475 3421 duodecim
498 3366 554 3422 ait:
582 3364 656 3422 Volo
685 3384 736 3421 vos
762 3374 827 3441 post
852 3362 927 3422 diem
955 3367 1106 3423 crastinum

128 3447 276 3527 proficisci
295 3446 332 3505 nd
349 3456 501 3525 gentes'et
518 3450 641 3525 vestigia
668 3447 799 3507 Simonis·
818 3450 945 3527 insequi,
965 3453 1107 3508 utomnia
1185 3479 1190 3488 »

129 3551 204 3609 quoe
223 3533 284 3608 agit
301 3534 449 3591 manifesta
467 3534 533 3591 mihi
552 3534 675 3590 Caoiatis.
722 3531 781 3591 Sed
809 3544 840 3591 et
856 3537 1029 3612 propositum
1050 3537 1108 3592 sin·

129 3615 260 3693 gaiorum
280 3615 435 3693 diligenter
452 3619 590 3696 requirite
610 3627 639 3675 et
656 3636 702 3675 me
721 3616 881 3675 adiuturum
900 3621 961 3676 siue
976 3621 1107 3677 moraeis

129 3698 313 3771 adnunciate,
335 3712 364 3759 et
381 3721 418 3760 no
436 3703 522 3761 nrolta
540 3701 620 3760 vobis
640 3700 747 3773 dicam,
776 3722 831 3779 per
856 3704 950 3760 omnia
976 3704 1106 3761 instruite

128 3784 254 3859 gentiles
274 3797 446 3862 exspectare
464 3787 613 3845 adventum
633 3806 736 3844 meum.
784 3786 908 3865 Cumque
931 3785 1003 3844 haee
1021 3798 1106 3864 atquc

130 3869 175 3927 his
193 3869 293 3927 similia
312 3868 546 3950 dixissequam
566 3891 616 3930 vos
635 3872 737 3950 inquit,
757 3872 876 3941 iratres,
900 3872 924 3929 si
943 3869 1009 3949 quid
1027 3871 1106 3930 vobis
