2634 4400
646 237 726 298 eu

597 330 810 344 -——-—--

215 453 259 527 gis
278 451 339 508 iura
358 445 510 518 concedat,
532 461 587 524 quo
606 445 669 502 sine
688 440 816 522 periculo
825 456 927 500 omnes
935 441 1005 498 satri
1016 440 1099 510 dant,
1120 440 1205 498 illum

214 554 284 592 vere
312 532 487 606 eontrarium
512 527 627 590 dicere:
657 526 736 598 Non,
765 523 818 587 sed
843 535 997 604 pugnetur,
1026 536 1057 582 ιιι
1074 545 1131 582 non
1149 526 1205 602 qui

172 629 178 638 “
215 618 317 696 dignus
345 626 409 696 est,
439 613 491 674 sed
519 616 566 694 qni
594 614 698 672 fortior
724 613 786 690 ipse
814 630 876 669 cum
894 609 946 667 liis
976 611 1025 689 qui
1053 610 1205 667 evaserint

215 714 330 780 regnet.
378 701 492 773 Quaeso
510 720 573 770 vos,
602 696 670 776 qnid
697 698 788 774 magis
811 696 978 772 eligeretis?
1009 692 1076 752 Non
1099 691 1203 750 dubito

215 791 293 866 quin,
315 798 345 858 ut
364 793 426 844 euin
446 785 639 844 incolumitate
659 783 793 851 omnium,
814 781 877 857 regi
896 779 1008 838 meliori
1027 799 1124 836 manus
1147 775 1204 850 da-

215 884 325 932 rentur.
372 871 410 929 Et
428 890 484 948 ego
504 889 577 928 nune
597 888 666 944 non,
687 878 717 925 ιιι
735 865 833 924 Simon
851 865 903 935 ait,
932 864 1011 942 pacis
1030 882 1129 921 caussa
1147 861 1204 920 ad-

215 977 329 1016 sensum
356 956 422 1014 volo
450 951 624 1012 commodari
648 952 692 1008 lais
723 968 796 1028 quac
823 949 896 1008 male
920 947 1068 1019 dicamur,
1097 945 1150 1005 sed
1169 957 1203 1003 ιιι

216 1061 278 1100 curn
299 1042 395 1119 quiete
415 1051 444 1097 et
463 1036 564 1096 ordine
582 1037 688 1095 veritas
707 1037 879 1112 requiratur·
1108 1103 1111 1107 ¹

258 1123 315 1184 25.
363 1123 498 1182 Nonnulli
518 1122 592 1180 caim
615 1121 642 1179 in
663 1119 882 1197 disputationum
902 1113 1059 1177 certamine
1086 1116 1132 1176 uti
1152 1124 1202 1174 rr:

216 1229 311 1269 rorem
330 1229 409 1266 snum
437 1207 581 1266 senserint
607 1206 769 1274 confutari,
803 1223 903 1262 caussa
929 1204 1054 1282 perfugii
1081 1212 1202 1260 contar·-

216 1295 285 1352 hare
305 1295 440 1350 continue
459 1292 607 1370 incipiunt,
629 1297 792 1349 et'movere
810 1289 887 1358 lites,
906 1307 945 1346 ne
962 1288 1052 1366 palam
1073 1286 1121 1345 dat
1139 1306 1201 1344 om-

216 1378 298 1437 nibus
317 1375 392 1457 quod
411 1381 606 1455 superantur3‘
617 1384 647 1433 et
665 1385 817 1454 propterea
836 1393 893 1450 ego
909 1374 1080 1451 'frequenter
1094 1391 1198 1440 exoro,

216 1473 247 1522 ut
266 1483 328 1521 cum
348 1463 423 1524 omni
441 1462 580 1540 patientia
599 1471 628 1518 et
646 1461 743 1538 quiete
762 1457 867 1535 indago
886 1457 1084 1536 disputationis
1093 1455 1201 1514 haboab

216 1559 273 1619 tur,
294 1558 325 1606 ut
343 1558 373 1607 et
391 1549 415 1605 si
433 1548 509 1606 ferte
528 1543 633 1625 aliquid
652 1547 744 1604 minus
761 1554 843 1602 recte
862 1541 967 1600 dietum
985 1541 1131 1612 rideatur,
1152 1559 1200 1598 re'-

216 1644 318 1712 petere
345 1631 374 1690 id
402 1641 432 1691 et
450 1633 576 1709 apertius
594 1631 682 1688 liceat
700 1628 890 1706 explanarem
915 1626 998 1686 Solet
1016 1628 1090 1685 eninr
1110 1627 1200 1682 inter·
1235 1657 1244 1664 —

212 1716 282 1778 dum
301 1718 385 1774 aliter
403 1714 460 1772 diei
483 1713 548 1792 quid
577 1725 607 1772 et
624 1700 708 1771 aliter
725 1710 915 1782 audiri,·dmn
933 1722 982 1770 aut
998 1713 1090 1787 minus
1104 1709 1199 1785 lucide

217 1802 373 1881 profertur,
394 1810 442 1857 aut
460 1801 550 1856 minus
568 1798 723 1875 vigilanter
740 1794 908 1868 advertitur,-
929 1807 959 1854 et
977 1796 1013 1854 eb
1024 1796 1079 1854 hoe
1089 1797 1200 1873 patien⁴

217 1897 264 1944 ter
281 1886 365 1963 cupio
384 1883 483 1942 haberi
502 1901 675 1953 sermonem,
696 1892 727 1941 ut
744 1901 836 1959 aeque
855 1881 992 1959 subripiat
1009 1880 1084 1948 alter
1101 1880 1197 1949 alteri,
1293 1919 1301 1930 .

217 1988 311 2046 neque
330 1987 491 2026 sermonem
511 1965 633 2026 dicentis
656 1967 871 2045 intempestivus
889 1986 984 2025 sermo
999 1963 1199 2024 contradicen-

218 2056 255 2112 tis
275 2053 472 2130 interrumpat,
494 2071 586 2130 neque
605 2046 836 2130 reprehendendi
847 2048 969 2108 studium
983 2069 1128 2127 geramus,
1148 2047 1199 2106 scd

218 2139 307 2198 liccat
324 2148 355 2196 ut
367 2134 443 2209 dini,
464 2138 555 2196 minus
573 2137 656 2217 plane
676 2135 918 2219 dietarepetere,
941 2134 1199 2211 ut.examinatione'

218 2224 373 2283 iustissima
392 2222 534 2281 clarescat
551 2223 681 2293 veritatis
699 2224 820 2299 agnitio.
853 2220 936 2279 Scire
955 2222 1031 2297 enim
1049 2218 1197 2288 debemus,

219 2310 284 2388 quia
302 2309 326 2367 si
345 2308 442 2389 quis'a
459 2309 582 2389 veritate
600 2308 742 2379 viaeatur,
763 2328 819 2366 non
830 2307 892 2384 ipse
901 2306 1035 2385 vincitur,
1047 2304 1107 2363 —scd
1118 2306 1200 2381 igno-

218 2395 311 2452 rantia
334 2413 406 2473 quae
425 2395 454 2451 in
474 2394 534 2472 ipso
554 2404 609 2465 est,
640 2412 713 2472 quae
732 2404 778 2451 est
796 2384 916 2449 daemon
938 2391 1089 2469 pessimus,
1119 2396 1199 2468 quam

205 2480 267 2557 'qni
285 2480 411 2557 potuerit
430 2478 570 2554 effugare,
591 2477 689 2536 salutis
716 2478 834 2555 accipit,
844 2476 974 2553 palmam.
1022 2474 1200 2551 Propositum

219 2581 339 2641 namque
360 2562 441 2621 nobis
460 2572 505 2619 est
522 2559 660 2640 prodesse
679 2560 869 2630 auditoribus,
890 2581 945 2618 non
965 2569 996 2617 ot
1013 2560 1085 2617 male
1104 2560 1200 2617 vinea·

114 2642 117 2648 Κ
219 2666 291 2715 anos,
312 2643 363 2703 sed
383 2656 412 2703 ιιι
429 2665 481 2723 pro
501 2646 648 2721 agnitione
667 2645 796 2702 veritatis
813 2644 888 2702 bene
898 2646 1054 2717 vincamur.
1083 2642 1115 2701 Si
1126 2639 1200 2701 enim

123 2755 125 2759 ¹
219 2730 348 2795 veritatis
367 2727 553 2807 inquirendae
571 2727 665 2787 studio
683 2748 778 2787 sermo
806 2740 969 2801 moveatur,
997 2729 1107 2801 etiamsi
1135 2726 1201 2805 qaid

219 2815 314 2882 minus,
329 2814 413 2890 plene
432 2832 485 2891 pro
505 2813 624 2871 humana
642 2814 800 2889 fragilitate
819 2811 958 2884 dicemus,
989 2810 1059 2872 deus
1086 2833 1139 2890 pro
1158 2811 1201 2869 in-

221 2896 327 2955 effabili
354 2916 403 2955 sua
431 2896 571 2969 bonitate,
601 2916 637 2955 ea
663 2917 735 2975 quae
763 2896 867 2957 desunt
892 2898 1016 2958 latenter
1041 2896 1201 2956 auditorum
1277 2906 1282 2911 '
1309 2891 1310 2894 '

220 2980 350 3039 sensilms
369 2979 551 3061 adimplebit..
590 2980 683 3040 lustus
702 2992 747 3040 est
765 2982 855 3054 eninr,
885 2993 915 3041 et
932 2981 1086 3041 seeundum
1105 2984 1200 3062 unius·

221 3067 358 3145 cuiusque
385 3068 573 3145 propositum,
603 3066 666 3125 aliis
694 3065 806 3145 quidem
834 3069 862 3125 in
890 3078 1020 3146 promptu
1043 3068 1113 3139 lacit
1135 3086 1200 3125 esse

222 3150 296 3229 quod
315 3152 473 3229 quaeritur,
494 3151 557 3210 aliis
576 3167 647 3210 vero'
664 3152 815 3212 obscurum
834 3151 941 3224 reddit,
961 3154 1047 3211 etiam
1066 3150 1201 3229 quodpe-

221 3236 274 3294 lam
293 3238 414 3314 positum
433 3246 488 3295 cst.
536 3236 607 3309 Quia
630 3256 702 3315 ergo
727 3238 773 3295 via
801 3235 860 3307 dei,
889 3238 934 3295 via
959 3238 1039 3314 pacis
1058 3246 1121 3305 est,
1139 3255 1201 3294 eum

220 3338 292 3398 paee
321 3338 393 3398 quae
421 3318 467 3377 dei
495 3331 560 3395 snut
586 3323 774 3399 requiramus.
820 3319 866 3379 Ad
894 3322 965 3381 lraee
993 3322 1017 3379 si
1036 3322 1098 3398 quis
1116 3320 1201 3379 habet

223 3402 297 3481 quod
316 3416 518 3481 prosequatur,
539 3405 619 3463 loeus
638 3405 698 3478 est3
719 3406 831 3484 sivero
850 3407 942 3473 nullus
961 3417 1005 3464 est
1024 3406 1201 3484 quirespon-

223 3487 292 3545 derc
311 3488 391 3569 velit,
412 3508 468 3565 ego
488 3488 586 3548 dicere
606 3490 752 3569 incipiam,
781 3502 811 3549 et
829 3511 901 3569 quae
919 3491 987 3549 mihi
1005 3490 1040 3548 ab
1059 3491 1116 3548 alio
1135 3510 1201 3569 pos-

222 3584 287 3630 sunt
305 3571 403 3643 obiici,
424 3575 485 3651 ipse
504 3572 532 3633 in
552 3572 673 3633 mediuni
691 3571 802 3653 prelata
820 3575 982 3634 dissolvam.

264 3655 321 3716 26.
351 3657 437 3716 *Cum
458 3677 529 3736 ergo
549 3659 650 3717 Petrus
669 3662 815 3739 coepisset
832 3661 999 3719 continuare
1027 3678 1199 3729 sermonem,

223 3741 321 3799 Simon
340 3743 498 3820 interrupta
518 3746 648 3825 oratione
668 3746 744 3804 eius:
766 3745 835 3813 Cur,
863 3746 965 3823 inquit,
994 3746 1113 3803 festinas
1139 3745 1201 3821 ipse

168 3827 173 3927 Ἰ
211 3825 273 3883 -ιίΙιί
293 3822 402 3897 dicere,
424 3840 496 3904 quae
515 3828 566 3886 tihi
583 3824 734 3888 videntur?
747 3823 893 3911 dlntelligo'
905 3831 1044 3888 versutias
1062 3839 1139 3900 tuas,
1160 3829 1201 3886 vis
