2634 4400
663 271 726 316 vm

202 461 359 538 descripsit
377 459 503 520 Grabius
522 459 542 518 l.
564 461 584 518 l.
594 484 604 534 ,·
625 461 746 519 detortam
763 463 967 530 Beruenszum,
989 479 1060 536 quos
1076 461 1182 518 Senne-

130 580 132 590 ι
202 567 252 606 rus
270 549 301 624 in
321 546 467 622 Cotologo
485 548 510 604 1.
527 565 561 622 p.
583 547 634 605 51.
658 548 819 615 recensuit,
850 555 1020 604 accuratam
1047 547 1182 604 notitiam

146 649 149 654 ¹
175 623 177 628 ’
201 631 353 707 singulari
368 631 548 690 humanitati
563 630 653 688 debeo
682 632 827 706 Rettrgii,
856 631 915 687 litt.
946 633 1133 706 antiquarum
1151 632 1181 691 in

198 717 256 774 illa
275 713 347 773 urbe
365 711 547 791 Professoris
564 715 759 784 celeberrimi,
780 717 832 791 qui
848 717 1122 792 auetoreSoappio,
1143 716 1180 772 V.

204 801 264 875 CL,
286 800 365 880 opud
385 801 556 860 Turiocnscs
572 797 656 876 Pras.
678 809 710 858 et
724 799 928 858 Bibliothecae
946 796 1104 876 praefecto
1124 819 1183 872 me-

200 886 355 954 ritissimo,
386 903 436 940 eos
462 886 492 942 in
519 903 600 941 nasum
617 903 709 942 meum
736 885 855 942 euoluit.
900 885 946 944 De
964 883 1078 961 quibus,
1099 904 1184 961 quum

197 971 371 1049 plerumque
391 971 469 1026 iuter
486 988 517 1025 se
536 970 726 1029 consentiant
741 977 773 1026 et
789 971 916 1044 opte'rnae
934 979 1022 1026 notae
1033 968 1118 1026 libris
1131 970 1184 1027 ad-

198 1062 402 1121 numerentur,
424 1053 479 1110 boc
497 1073 584 1112 unum
604 1054 693 1121 oddo,
715 1053 793 1130 quod
811 1056 899 1128 quiin
911 1055 976 1111 cod.
998 1073 1076 1112 num.
1098 1055 1180 1123 164,

200 1139 332 1216 signato,
344 1157 423 1194 saec.
436 1139 476 1194 X.
488 1179 496 1207 ‚
517 1133 682 1196 locas'libri
697 1139 728 1198 3.
749 1158 776 1196 e.
797 1139 816 1195 2
829 1173 863 1182 --
878 1140 930 1198 12.
943 1140 1034 1209 deest,
1046 1141 1077 1197 in
1088 1139 1185 1212 altero

200 1241 281 1280 num.
294 1223 368 1291 66,
380 1241 461 1279 saec.
480 1224 552 1292 XL,
573 1224 703 1299 legitur:
725 1224 786 1280 Sed
793 1226 919 1281 marimo
930 1225 1040 1282 miiaiin
1051 1225 1182 1295 curando
1216 1224 1222 1239 “

198 1307 258 1372 ¹boc
277 1327 366 1384 opere
386 1308 552 1364 adiumento
562 1304 695 1384 suerunt
711 1308 784 1366 libri
808 1308 864 1366 duo
883 1310 1049 1385 Lepm'enses
1078 1307 1183 1366 biblio-

198 1393 307 1455 tlteeoe
324 1392 481 1452 Paulliaae
499 1391 725 1462 membranacei,
747 1413 867 1469 quorum
882 1395 970 1462 alter,
991 1393 1082 1451 catal.
1104 1412 1181 1468 riam,

203 1477 269 1546 90.,
300 1478 368 1535 olem
383 1477 587 1552 Pegaoiensis,
607 1479 726 1534 saeculo
744 1480 820 1548 XL,
842 1479 920 1536 alter
936 1497 1014 1536 nura.
1035 1479 1087 1536 91.
1106 1496 1183 1536 anno

206 1561 275 1619 Cbr.
298 1563 380 1622 1218
400 1562 430 1618 in
448 1579 552 1618 screno
572 1571 671 1620 rnonte
691 1563 819 1639 scriptus
845 1573 899 1619 est.
945 1561 1047 1637 Rufini
1070 1581 1184 1623 monam

203 1654 241 1704 ut
256 1649 453 1714 restituerem,
474 1646 555 1702 baud
572 1648 717 1723 ignorans
735 1648 959 1709 commentarios
976 1647 1029 1704 bos
1036 1647 1188 1723 singulari

205 1731 330 1808 quodam
350 1731 539 1806 corruptelae
555 1751 668 1808 genere
687 1733 760 1790 locis
772 1751 872 1807 paene
891 1733 1051 1803 innumeris
1077 1733 1185 1808 depra7

204 1824 289 1872 vatos
308 1835 380 1883 esse,
403 1815 544 1874 lectiones
563 1825 619 1894 luen
639 1816 782 1874 librorum
799 1817 992 1893 scriptorum,
1014 1825 1072 1875 tum
1091 1818 1185 1874 edito-

204 1919 287 1968 rum,
317 1900 460 1959 Siebardi
482 1903 664 1960 basileensis
689 1900 788 1969 1526,
816 1903 1019 1959 Parem'narum
1047 1902 1126 1960 1541
1157 1911 1189 1958 et

203 1985 299 2054 1568,
318 1985 501 2042 Coteleriiet
510 1987 621 2044 Clerici
634 1985 705 2054 (SS.
725 1987 845 2042 Patrem
865 1987 1002 2061 apostoll.
1023 2005 1093 2062 opp.
1114 1987 1183 2044 Vol.

197 2071 228 2128 vl.
249 2071 376 2136 Amstel.
397 2071 509 2144 1726),
537 2071 693 2128 Gallandii
707 2070 833 2146 deumne
854 2070 1012 2138 (Bibliotb.
1033 2081 1103 2128 uett.
1126 2073 1186 2130 Pa-

202 2162 279 2213 trum
306 2155 384 2213 Pom.
405 2157 446 2215 11.
473 2157 578 2213 Venet.
597 2155 708 2226 ’1788)
741 2154 882 2230 diligenti
905 2173 978 2214 cura
1005 2155 1187 2229 adhibendas

204 2258 267 2297 esse
286 2242 396 2299 censui.
445 2238 555 2313 Quibus
568 2240 733 2318 praesidiis
750 2239 803 2297 ubi
817 2242 870 2297 sim
889 2260 971 2311 usas,
992 2260 1077 2319 quum
1097 2260 1185 2318 quae·

192 2326 246 2381 'oo's
263 2321 328 2389 lere
341 2327 460 2401 pagina
479 2326 683 2399 emendatione
699 2326 892 2401 indigeretet
900 2320 1065 2385 etiamnunc
1074 2334 1188 2383 restent

205 2410 300 2485 aliqui
316 2410 385 2479 loci,
408 2427 479 2484 quos
497 2410 628 2466 codicum
645 2428 712 2469 mss.
730 2429 789 2485 ope
808 2410 962 2469 destitutos
984 2414 1112 2470 intactos
1137 2428 1185 2467 re-

205 2494 338 2571 linquere
358 2502 441 2569 quam
461 2502 569 2549 temere
587 2495 821 2564 moraremini,
842 2496 890 2552 bic
902 2515 962 2572 pro
982 2498 1117 2555 instituta
1134 2513 1185 2553 ra·

199 2580 286 2635 ¹lione
305 2597 363 2636 non
382 2586 473 2656 uacat
489 2596 650 2653 admonere,
671 2588 704 2639 ct
719 2580 816 2655 qualis
833 2582 864 2637 in
883 2590 968 2638 tanta
987 2580 1053 2638 labe
1072 2589 1104 2636 et
1119 2598 1185 2637 cor-

205 2664 323 2739 ruptela
340 2663 508 2737 scripturae
525 2663 652 2739 singulis
671 2664 766 2721 allata
783 2666 823 2722 sit
841 2666 914 2724 locis
932 2665 1059 2733 medela,
1091 2665 1186 2740 magis

204 2756 250 2805 est
266 2748 390 2807 aliorum
410 2748 580 2823 eatstemare
599 2766 683 2823 quam
701 2767 792 2806 meam
804 2748 956 2825 profiteri.
993 2748 1097 2824 Neque
1115 2737 1184 2806 uero

205 2833 273 2908 quin
283 2850 392 2906 magna
402 2830 552 2889 codicibus
560 2851 625 2889 mss.
647 2833 848 2909 lipsiensibus
858 2834 887 2889 in
899 2834 1087 2892 emendandis
1098 2843 1185 2910 atque

201 2912 677 2993 conformandisRecognitionum
687 2918 772 2977 libris
782 2916 990 2975 tribuendasit
1005 2920 1182 2987 auctoritas,

199 3018 330 3075 adquam
349 3000 493 3078 dubitaui,
504 3021 597 3079 quum
609 3005 726 3079 optimis
735 3000 885 3059 codicibus
895 3022 945 3061 eos
955 3006 1124 3062 consentire
1142 3004 1185 3059 m'-

198 3085 319 3156 deren,-
340 3086 371 3143 in
381 3105 415 3145 eo
426 3096 534 3157 autern,
547 3089 662 3167 quidde
672 3088 950 3147 iisstatuendamsit
960 3090 1042 3158 loces,
1060 3090 1185 3165 quipus—

200 3172 256 3231 sim
266 3170 393 3229 iucodd.
413 3173 507 3248 Lipss.
530 3174 736 3247 desuntneqae
747 3191 764 3229 a
776 3172 901 3232 librario
915 3176 1088 3250 negligente
1093 3190 1185 3249 prae·
1215 3195 1218 3202 ·

199 3256 333 3321 termissi
356 3275 449 3333 neque
469 3259 509 3315 ad
526 3257 672 3317 orationis
688 3258 794 3313 seriem
820 3260 1088 3334 sententiarumque
1115 3275 1185 3315 con-
1223 3277 1225 3281 ·

204 3340 374 3399 cinnitatem
393 3344 508 3401 ornnino
528 3342 700 3417 necessarii,
726 3342 859 3399 incertas
876 3342 997 3399 baereo.
1034 3344 1185 3421 Quaeren-

205 3422 282 3480 tibus
300 3444 374 3501 quoe
393 3428 478 3485 baius
495 3429 543 3484 rei
553 3424 723 3502 probabilis
739 3426 819 3483 ratio
835 3427 1033 3504 reddiqossit,
1055 3428 1185 3484 triama-

197 3509 281 3567 -m'me
299 3514 485 3589 respicienda
503 3512 650 3580 ridentur,
672 3529 774 3587 nempe
785 3530 895 3585 eormn,
916 3513 1185 3589 qaaeinantiqm's-
1243 3510 1245 3514 ’

198 3593 283 3651 eineis
301 3596 471 3671 quibusdam
490 3594 575 3651 libris
589 3596 708 3666 desunt,
730 3597 792 3653 alia
811 3615 829 3653 a
848 3596 1007 3657 haereticis
1017 3605 1079 3655 ”aut
1094 3598 1185 3655 insul·-

202 3678 253 3736 sis'
269 3680 432 3739 bominibus
455 3681 501 3737 lla
524 3681 558 3737 ni
582 3689 681 3737 aetate
708 3681 923 3740 recentioribus
949 3692 1057 3740 temere
1084 3680 1182 3751 illato,

205 3763 266 3820 alia
286 3763 322 3821 ab
331 3764 415 3840 fidei
430 3764 615 3823 ortbodonae
640 3766 803 3829 cultoribus
823 3765 952 3828 strenuis
979 3768 1092 3839 deleto,
1123 3768 1184 3828 alia

147 3844 149 3849 ⁸
205 3846 330 3924 denique
348 3850 487 3912 etr-ason
506 3858 560 3921 est,
583 3850 736 3911 breuitatis
754 3852 878 3931 quodam
904 3854 1001 3911 studio
1029 3851 1185 3923 contracta
