2634 4400
655 254 720 314 tot

576 346 790 367 ,μη-...-

195 463 245 531 sis,
266 457 317 520 sed
336 459 371 518 ab
391 478 426 518 co
445 460 492 538 qui
511 457 676 529 occultavit,
697 456 816 535 darique
834 455 1174 516 siblaccetleadiaditum

196 556 226 604 et
243 545 314 602 viam
334 545 473 602 scientiae
492 553 694 621 precarentur,
714 562 788 619 quae
805 541 861 599 illis
880 543 949 599 solis
975 543 1110 620 panditur
1127 543 1174 618 qui

196 649 258 688 cam
276 649 362 708 super
389 630 483 686 omnia
508 627 604 686 muudi
631 628 713 686 huius
739 625 896 703 diligerent
920 626 1007 697 bona,
1036 646 1091 685 uec
1118 628 1174 684 alio

196 716 257 794 quis
275 725 360 792 pacto
380 714 425 771 vel
444 713 608 790 intelligere
628 733 690 771 cam
709 711 800 789 possit
817 712 928 769 etiamsi
938 710 1175 787 prudentissimus

194 798 357 871 videreturq
377 799 406 856 hi
424 817 506 868 vero,
527 799 574 875 qui
593 797 790 875 neglexissent
807 794 882 873 quod
900 795 955 852 sibi
973 797 1043 853 utile
1061 797 1176 854 ctsalu·

194 895 257 942 tare
277 894 355 942 esset
373 883 529 960 inquirere,
550 893 681 959 tanquam
700 900 731 939 sc
754 882 832 958 ipsos
850 879 917 937 odio
936 879 1075 938 habentes
1089 892 1175 938 etse-

194 969 324 1045 metipsis
342 968 449 1025 inimici
468 964 669 1024 inundarentur
686 966 748 1024 eius
766 966 865 1036 bouis,
894 965 971 1023 velut
998 965 1044 1043 qui
1072 962 1175 1042 dilige·

194 1064 261 1111 reut
278 1053 360 1132 mala.
587 1053 589 1058 ’

126 1125 129 1140 ⁴
237 1135 293 1195 54.
341 1135 461 1214 Oportet
480 1154 551 1212 ergo
570 1134 662 1194 honos
685 1133 888 1212 diligereeam
908 1135 1118 1212 superomnia,
1147 1131 1177 1190 id

196 1232 253 1292 est,
273 1220 494 1299 superdivitias,
515 1221 648 1297 gloriam,
669 1221 808 1298 requiem,
825 1222 972 1297 parentes,
986 1220 1174 1296 propinquos,

195 1307 303 1364 amicos
322 1317 352 1364 et
370 1325 453 1363 omne
473 1304 548 1382 quod
566 1307 594 1362 in
614 1305 670 1363 hoc
697 1303 800 1362 mundo
828 1315 883 1362 cst.
931 1304 984 1375 Qui
1011 1323 1081 1361 vero
1110 1323 1177 1380 per-

195 1391 273 1450 fecte
293 1389 385 1468 diligit
403 1392 614 1468 possessiouem
626 1391 698 1448 hauc
715 1391 797 1466 regni
808 1389 966 1458 coelorum,
987 1388 1178 1446 abiicictsiue

196 1475 281 1534 dubio
301 1495 410 1534 omnem
430 1476 520 1532 malae
540 1473 754 1533 consuetudinis
772 1494 863 1542 usum,
888 1473 1104 1549 negligentiam,
1126 1470 1178 1530 de-

196 1559 307 1632 sidiam,
327 1561 473 1630 malitiam,
495 1560 576 1630 iram,
598 1571 758 1636 cunctaque
776 1559 821 1616 tis
830 1558 943 1617 similia.
989 1557 1097 1614 Namsi
1108 1556 1178 1634 quid

196 1645 294 1703 ltorum
315 1645 485 1724 praetuleris
505 1645 544 1714 ei,
564 1655 695 1721 tanquam
715 1645 762 1722 qui
789 1643 851 1720 plus
878 1641 1014 1700 dilexeris
1041 1643 1178 1719 propriae

197 1728 322 1788 libidinis
339 1729 408 1787 vitia
426 1748 507 1804 quam
528 1726 622 1798 derum,
643 1727 679 1785 ad
698 1729 910 1806 possessionem
929 1727 1012 1803 regni
1039 1726 1178 1785 coelestis

197 1815 350 1892 pervenire
369 1833 424 1870 non
445 1813 566 1889 poteris,
588 1814 652 1890 quia
672 1824 702 1871 et
719 1833 789 1871 vere
798 1812 912 1870 stultum
923 1821 979 1882 est,
1000 1809 1104 1888 aliquid
1114 1812 1180 1888 plus

196 1917 292 1956 amare
312 1917 392 1974 quam
412 1896 506 1958 deum.
554 1897 621 1954 Sive
641 1899 715 1955 enim
734 1907 869 1975 parentes
896 1907 971 1965 sunt,
1001 1897 1177 1968 moriuntur3

197 1982 257 2040 sive
276 1981 437 2058 propinqui,
459 2002 515 2038 non
533 1993 716 2059 permaneut3
737 1983 797 2039 sive
807 1982 903 2051 amici,
923 1991 1075 2038 mutantur.
1123 1979 1180 2037 So·

197 2067 239 2125 lus
258 2076 303 2124 est
320 2077 414 2123 autem
434 2064 504 2124 deus
522 2077 672 2137 aeternus,
702 2077 733 2124 et
758 2065 967 2124 indemutabilis
993 2062 1177 2143 permanens.

198 2151 250 2225 Qui
270 2170 341 2229 ergo
361 2170 417 2209 noa
436 2151 658 2229 vultinquirerc
678 2151 752 2231 quod
772 2151 825 2209 sibi
844 2151 913 2220 utile
932 2161 992 2221 est,
1013 2150 1101 2208 nialus
1119 2160 1177 2221 est,

196 2238 225 2294 iu
244 2248 351 2295 tantum
369 2248 400 2294 ut
417 2238 524 2295 malitia
542 2258 591 2295 sua
611 2239 700 2315 ipsum
716 2237 869 2315 impietatis
879 2237 1038 2313 principem
1048 2246 1177 2313 superet.

197 2322 248 2380 lllc
269 2323 342 2379 enim
361 2321 488 2380 bonitate
509 2321 555 2379 dei
574 2322 700 2380 abutitur
717 2322 753 2381 ad
771 2322 946 2399 propositum
960 2320 1083 2377 malitiae
1094 2338 1177 2389 suae,

198 2418 228 2464 ct
246 2407 298 2465 sibi
316 2408 427 2484 placet3
450 2408 494 2463 hic
513 2418 607 2465 autem
619 2408 724 2473 ‘salutis
742 2425 811 2465 suae
829 2404 905 2467 tona
919 2406 1052 2488 negligit,
1072 2415 1180 2482 utpem

198 2489 305 2549 ditione
324 2494 367 2549 sui
386 2491 459 2548 malo
479 2491 602 2567 placent.

239 2574 295 2635 55.
343 2574 466 2652 Propter
484 2575 535 2633 tos
555 2594 638 2651 crgo,
660 2578 707 2653 qui
727 2576 826 2634 salutls
840 2574 1181 2652 snaeueglectuplacent

198 2660 283 2729 nralo,
304 2670 334 2717 et
352 2678 403 2717 cos
422 2660 468 2735 qui
487 2658 580 2717 studio
601 2661 729 2719 utilitatis
747 2680 815 2719 suae
834 2659 1177 2738 placerecupiuntltono,

155 2817 157 2824 Ι
198 2744 278 2821 paria
297 2741 433 2821 quaedam
451 2742 486 2801 ad
505 2746 691 2803 tentationem
710 2746 857 2823 praesenti
875 2745 940 2803 huic
960 2746 1058 2803 seculo
1073 2755 1181 2818 statuta
1204 2800 1208 2807 ,

198 2837 263 2885 sunt
282 2826 394 2898 decem,
415 2826 569 2887 secundum
589 2849 734 2887 numerum
753 2828 854 2887 decem
873 2829 1019 2907 plagarum
1034 2829 1180 2908 quaeilla-

198 2922 245 2969 tae
264 2922 329 2971 sunt
347 2910 495 2991 Aegypto.
543 2912 611 2971 Cum
631 2916 705 2972 enim
723 2914 841 2993 Moyses
860 2913 1014 2974 secundum
1037 2933 1180 2992 praecep,

198 3006 256 3053 tum
284 2995 330 3055 dei
357 3008 472 3075 peteret
498 3018 514 3055 a
539 2996 698 3070 Pharaone,
719 3011 749 3059 ut
768 3002 913 3058 emitteret
930 3000 1074 3077 populum,
1095 2997 1180 3057 etad

197 3082 389 3140 testimonium
410 3082 546 3141 coelestis
565 3085 676 3163 imperii
694 3086 777 3163 signa
796 3083 979 3154 ostenderet,
1000 3087 1131 3162 proiecta
1150 3085 1179 3143 iu

198 3177 303 3225 terram
321 3169 402 3245 'virga
422 3187 561 3226 conversa
581 3180 626 3227 est
643 3171 672 3227 in
695 3180 870 3247 serpentem.
910 3168 1045 3245 ,Cumque
1059 3169 1095 3226 oli
1107 3169 1179 3225 haec

198 3250 308 3309 Pharao
327 3273 383 3309 non
402 3252 489 3311 vellet
507 3252 707 3333 adquiescere,
727 3264 828 3333 utpote
846 3253 953 3313 habeus
962 3253 1073 3311 arbitrii
1092 3252 1180 3310 libor-

100 3330 112 3343 '
198 3346 296 3407 tatem,
326 3356 442 3395 rursum·
463 3340 539 3414 magi
565 3339 667 3395 similia
685 3338 766 3414 signa
786 3339 885 3397 iacere
904 3339 956 3396 visi
980 3349 1045 3396 suat
1062 3338 1180 3415 permit„

198 3423 277 3477 tentc
297 3418 364 3492 deo,
384 3432 415 3478 ut
432 3424 610 3499 propositum
629 3423 708 3498 regis
727 3422 899 3499 probaretur
916 3444 953 3481 ex
971 3422 1080 3480 arbitrii
1091 3422 1180 3479 liber,

198 3514 269 3575 tate,
291 3506 313 3562 si
335 3507 423 3583 magis
442 3506 579 3564 crederet
597 3506 687 3582 siguis
705 3505 799 3585 Moysi
819 3509 865 3585 qui
884 3528 900 3565 a
919 3506 983 3565 Deo
1001 3508 1102 3566 missus
1121 3515 1178 3576 est,

199 3609 279 3666 quam
298 3589 342 3647 his
361 3597 433 3669 quae
452 3592 526 3665 rnagi
544 3587 714 3649 videbantur
730 3594 826 3669 potius
844 3593 960 3663 iacere,
990 3612 1072 3669 quam
1090 3588 1191 3648 lucie,¹

198 3672 281 3745 bant;
311 3694 381 3752 quos
408 3676 486 3752 ipsos
513 3676 609 3753 utique
637 3677 751 3734 nomiae
778 3677 942 3753 intelligere
966 3676 1105 3734 debuerat
1123 3694 1180 3733 nou

200 3776 265 3816 esse
276 3760 424 3843 operarios
434 3758 574 3828 veritatis,
588 3759 662 3837 quod
674 3780 756 3818 nona
771 3759 825 3819 deo
836 3763 914 3819 missi
928 3760 980 3819 sed
995 3762 1069 3836 magi
1083 3758 1180 3836 appel÷
1213 3758 1218 3765 ’

200 3840 340 3917 labantur,
353 3843 427 3901 sicut
437 3853 466 3901 et
476 3841 591 3901 traditio
602 3842 721 3904 iudicat.
741 3844 873 3924 Denique
892 3864 980 3923 usque
999 3844 1036 3903 ad
1058 3844 1179 3921 aliquem
