2634 4400
610 252 656 318 ot

529 344 742 365 μ-ι--ι-ιὸ

143 477 210 522 csse
229 459 353 540 aliquem
372 461 495 520 omnium
513 462 776 539 praestantiores,
787 471 906 540 proptor
923 475 1006 540 quotu
1024 447 1125 522 eloco

142 550 189 606 nis
207 556 340 606 eresture
359 543 489 605 ordinem
508 565 587 616 suum
613 555 720 611 servet.
767 544 849 606 Unde
876 556 907 606 et
930 565 988 624 ego
1014 548 1123 618 scions,
1174 555 1181 566 ‘

142 634 211 710 quic
238 627 401 688 omnimodo
428 647 550 690 neeesse
577 639 622 689 est
648 648 715 688 osso
737 628 860 710 aliquem
878 628 1078 708 benigniorem
1095 641 1126 690 ot

143 717 338 794 potentiorem
357 733 405 785 eo,
425 716 471 792 qui
491 715 587 791 legem
605 711 687 772 (ledit
703 710 875 792 imperfecto
893 713 962 785 deo,
991 731 1029 774 ex
1046 729 1125 775 eom·

141 801 295 878 paratione
313 798 476 877 imperfecti
493 798 653 876 perlectum
673 797 740 875 quid
757 800 797 856 sit
812 798 989 876 intelligens,
1009 817 1047 858 ex
1064 800 1126 878 ipsa

142 885 288 961 scripturo
314 880 397 942 deum
424 883 501 942 illum
525 880 560 941 nlo
579 901 635 959 qno
654 883 960 959 scriptumnon‘ernt,
979 884 1123 942 intellexi.

141 965 254 1026 lithos
272 965 358 1026 modo
376 968 467 1044 potui,
488 987 506 1024 o
526 961 623 1038 Petro,
644 966 765 1044 exlege
784 965 899 1026 discere
916 964 994 1045 quod
1010 969 1124 1027 nescie-

142 1052 194 1110 tat
210 1053 270 1110 lex.
317 1050 400 1124 Quod
418 1052 490 1110 etsi
508 1049 556 1110 lex
574 1071 632 1110 non
650 1049 779 1110 (ledisset
796 1050 920 1122 indicio,
944 1051 1046 1130 quilius
1062 1052 1125 1110 col·
1208 1076 1212 1082 ·

143 1135 286 1213 ligeretur
303 1137 489 1214 imperfectus
507 1154 573 1194 esso
591 1133 662 1196 deus
679 1136 726 1213 qui
745 1133 877 1195 condidit
893 1133 1038 1206 muudum,
1057 1133 1126 1194 miti

143 1219 282 1299 possibile
301 1230 375 1290 erat,
405 1221 489 1279 etiam
517 1239 554 1278 ex
580 1219 624 1278 tis
651 1237 725 1298 quoe
742 1221 772 1278 in
790 1217 846 1278 lroc
864 1219 968 1279 mundo
986 1230 1127 1296 geruntur

143 1305 224 1364 iunlis
242 1319 297 1362 nee
316 1291 514 1374 emendantur,
544 1299 702 1382 colligere,
730 1302 778 1362 vel
795 1305 861 1382 quia
879 1300 1063 1382 impossibilis
1080 1314 1126 1364 est

143 1389 354 1458 erectoroius,
383 1389 430 1466 qui
457 1388 530 1446 malo
558 1398 641 1464 gesta
666 1406 725 1446 non
742 1389 877 1464 corrigit,
896 1389 920 1445 si
940 1404 996 1446 nou
1015 1397 1124 1466 potest,

141 1473 190 1532 ¹vol
208 1473 233 1531 si
250 1492 308 1530 non
327 1472 386 1531 vult
403 1473 519 1531 sufmre
538 1471 622 1542 mola,
643 1471 705 1549 ipse
724 1471 813 1530 molus
831 1472 880 1542 sit,
899 1472 1012 1530 sivero
1031 1489 1126 1549 nequo

144 1565 242 1636 potest
259 1575 352 1634 nequo
369 1556 440 1627 vult,
461 1574 515 1615 nec
534 1566 637 1633 potens
660 1573 715 1613 neo
743 1554 834 1614 tonus
860 1557 909 1613 sit.
954 1554 993 1613 Et
1018 1571 1056 1614 ox
1082 1553 1126 1614 lris

142 1659 266 1700 necesso
285 1650 331 1700 est
347 1639 458 1718 colligi,
479 1637 555 1718 quotl
576 1637 647 1698 olins
666 1641 704 1697 sit
730 1637 800 1698 leus
827 1638 950 1698 oninium
973 1649 1126 1717 praestas·

142 1727 202 1783 tior
228 1735 259 1784 ot
284 1725 443 1804 potentior.
488 1721 535 1784 Ad
561 1721 634 1783 haec
661 1725 685 1781 si
713 1722 782 1802 quil
806 1720 895 1783 hebes
922 1722 1039 1796 dicore,
1067 1743 1126 1782 non

144 1825 279 1868 moreris.

186 1892 244 1952 tto.
291 1891 393 1951 Petrus
420 1888 585 1971 respondite
615 1889 719 1952 Solent
745 1888 812 1964 ista,
832 1908 850 1950 o
869 1891 982 1965 Simon,
1001 1887 1126 1952 ibsucda

143 1977 283 2037 aduersos
310 1975 393 2036 mum
419 1976 552 2036 meditari
577 1978 608 2038 hi
627 1978 675 2056 qui
703 1978 796 2054 legem
824 1997 881 2036 non
904 1978 1049 2055 magistris
1067 1986 1126 2036 tre·

144 2061 278 2122 dontibus
295 2063 407 2138 legunt,
436 2061 488 2120 s'esl
506 2063 679 2140 semctipsos
697 2061 835 2120 doctores
853 2059 960 2121 uolent
978 2073 1010 2121 et
1025 2071 1127 2140 putant

143 2157 177 2207 'se
195 2147 365 2225 intelligere.
378 2163 464 2225 posse
483 2145 589 2225 legem,
610 2165 693 2225 quom
711 2145 766 2205 siti
784 2142 841 2205 non
859 2146 994 2225 exposuit
1011 2140 1059 2205 illo
1078 2144 1126 2225 «pul

143 2252 162 2291 o
179 2234 318 2310 magistro
337 2229 482 2291 didicerit.
531 2232 725 2291 Veruntamen
743 2250 834 2302 nunc,
855 2242 886 2288 ut
903 2242 934 2289 et
951 2248 1004 2289 nos
1022 2248 1127 2289 secun·

144 2313 305 2375 clumtunm
323 2335 436 2375 sonsum
454 2316 626 2395 scripturam
643 2316 717 2393 logis
735 2317 816 2394 sequi
834 2311 992 2386 videamur,
1012 2315 1079 2392 quio
1096 2325 1128 2373 ot

144 2401 348 2479 impossibilem
366 2411 397 2459 ot
414 2419 471 2458 non
488 2399 592 2461 honum
611 2398 687 2457 dicis
703 2398 815 2457 ostemli
825 2396 1006 2458 conditorem
1016 2396 1125 2471 mundi,

144 2484 288 2564 quomodo
306 2504 370 2543 non.
382 2483 477 2544 vidisti
496 2483 573 2562 quod
589 2480 692 2544 iisdem
701 2484 772 2563 ipsis
780 2477 1052 2562 reprehensionibus
1061 2501 1127 2541 suc·

144 2569 252 2629 cumlit
278 2580 310 2628 et
334 2569 465 2628 subiacet
486 2570 572 2628 etiem
599 2569 655 2629 ista
680 2570 770 2627 virtus
788 2579 848 2638 tun,
868 2588 951 2646 quom
969 2567 1043 2626 ilicis
1060 2585 1127 2627 esso

145 2655 364 2713 eminentiorem
382 2655 525 2715 omniuml
549 2651 658 2713 Eodem
685 2672 806 2732 numque
829 2651 914 2711 modo
933 2651 970 2711 tls
987 2654 1051 2731 ipsu
1068 2650 1125 2710 diei

144 2748 254 2818 potest,
275 2740 340 2816 quin
358 2740 453 2797 omnia
471 2758 544 2817 quoe
563 2738 610 2796 lrio
629 2738 703 2797 molo
722 2749 873 2815 geruntur,
893 2748 943 2797 sut
963 2733 1126 2815 impossibi-

143 2821 180 2881 lis
199 2832 243 2881 est
261 2842 334 2899 quae
351 2842 409 2881 non
428 2824 562 2901 corrigit,
582 2834 631 2881 unt
649 2824 673 2881 si
692 2833 790 2901 potest
815 2833 846 2881 et
871 2841 928 2881 non
954 2821 1025 2893 vult,
1053 2820 1126 2879 malo

144 2917 200 2967 est.
248 2905 281 2963 Si
299 2926 368 2965 voro
387 2925 480 2985 neque
498 2917 595 2985 potest
612 2926 706 2985 neque
733 2906 802 2978 vult,
831 2917 862 2966 et
886 2906 1070 2986 impossibilis
1096 2914 1128 2963 et

144 2992 318 3069 imperfecto
336 3000 391 3048 est.
439 2988 521 3049 Unde
544 3010 601 3051 non
619 2991 710 3048 solum
728 2992 813 3051 simili
831 2990 934 3068 cnlpae
959 2990 1051 3049 virtus
1072 2990 1127 3047 ista

143 3086 194 3133 tuo
213 3093 298 3143 novo,
318 3071 370 3131 sed
388 3081 418 3131 ot
435 3072 574 3131 deteriori
592 3075 737 3131 iuvenitur
754 3075 890 3143 obnoxia,
910 3076 935 3131 si
949 3092 1037 3151 super
1053 3070 1126 3130 haee

144 3161 240 3219 omnio
258 3158 343 3216 etiam
362 3176 424 3215 eum
444 3178 499 3218 non
519 3158 566 3228 sit,
587 3175 651 3215 esse
671 3156 817 3215 credatur.
864 3156 938 3215 Nam
951 3156 1034 3233 isqui
1047 3174 1126 3213 mun-

144 3244 210 3303 dum
230 3243 350 3313 creovit,
370 3241 426 3301 hoc
445 3244 535 3321 ipsunt
554 3234 629 3320 quod
647 3238 775 3299 subsistit
798 3259 836 3299 ex
862 3258 954 3319 opero
981 3240 1043 3299 eius
1069 3259 1126 3317 quo

144 3326 444 3398 mnndum-condidit,
474 3326 566 3404 pnlnm
593 3336 649 3397 est,
678 3326 754 3384 sicut
779 3326 864 3401 etiem
883 3326 946 3403 ipso
965 3324 1123 3384 confiteris.

146 3412 204 3472 lsta
229 3432 300 3471 vero
322 3413 413 3470 virtus
439 3430 520 3489 quum
548 3422 576 3469 te
603 3410 693 3469 solum
714 3411 792 3469 seire
811 3408 896 3482 dieis,
916 3409 1021 3468 nullutn
1039 3407 1076 3467 ule
1094 3428 1126 3467 so

145 3496 281 3555 indicium
299 3497 431 3574 praebet,
451 3514 505 3573 per
523 3493 599 3573 quod
621 3494 677 3553 hoo
695 3496 786 3573 ipsum
813 3495 912 3555 sellem
935 3492 1012 3573 quod
1034 3503 1079 3552 cst
1096 3483 1127 3551 et

146 3581 285 3652 subsistit,
298 3582 445 3662 ¹possimus
463 3578 627 3638 advertere.

188 3662 245 3722 56.
293 3666 381 3737 Quale
400 3674 446 3723 est
463 3682 548 3740 ergo,
568 3674 600 3721 ut
617 3663 846 3742 derelinquamus
865 3662 961 3733 deum,
988 3664 1018 3719 ln
1045 3659 1126 3719 cuius

146 3748 249 3807 mundo
267 3750 385 3807 vivimus
403 3758 433 3807 et
451 3748 582 3806 omnibus
598 3745 634 3805 od
651 3750 736 3806 vitani
755 3747 928 3806 necessariis
945 3744 1078 3816 fruimur,
1097 3755 1127 3803 ot
1251 3818 1255 3828 ,

147 3852 298 3911 sequamur
315 3835 416 3893 nescio
435 3852 529 3912 quem,
551 3833 631 3891 cuius
649 3851 707 3898 uon
725 3833 815 3891 solum
833 3831 902 3889 nihil
925 3830 1127 3909 consequimur

862 3918 880 3975 5
899 3918 914 3946 ¹⁸
1080 3936 1085 3939 ·
