2634 4400
658 192 729 319 sio

199 483 325 537 caussos,
346 463 439 524 honae
453 474 488 521 et
506 464 629 542 optimae
648 462 873 541 dispensationis
881 459 997 521 divinae
1005 482 1064 521 non
1072 463 1181 541 liquent

198 552 284 607 ratio.

239 633 294 693 dl).
342 634 412 693 Cum
430 635 502 693 haee
521 632 623 693 Petrus
642 632 777 704 dixisset,
807 652 864 710 ego
884 632 1022 693 Clemens
1044 634 1178 701 Nicetam

196 720 345 797 rogabam,
366 731 396 779 ut
414 719 508 797 aliqua
526 718 563 777 de
580 720 730 795 allegoriis
751 719 899 795 gentilium
926 740 998 797 quas
1023 718 1181 797 diligenter

198 804 352 883 adtigerat,
373 804 550 883 agnoscendi
568 807 664 882 gratia
682 814 857 883 exponeret,
883 804 953 863 utile
971 806 1047 864 euim
1065 816 1121 874 est,
1151 815 1183 863 ut

117 922 120 927 ·
198 888 309 969 quaudo
329 910 392 949 cum
411 890 567 968 gentilibus
584 887 773 969 disputamus,
794 890 880 947 etiam
906 890 961 947 ista
987 910 1041 948 nos
1067 890 1181 950 minime

197 976 316 1035 lateant.
362 976 399 1033 Et
425 974 546 1033 Nicetat
575 974 619 1045 Si,
649 976 750 1051 inquit,
779 975 919 1052 permittit
943 974 1074 1033 dominus
1101 994 1182 1033 meus

198 1060 311 1132 Petrus,
331 1080 445 1138 possum
465 1058 575 1118 dicere.
621 1059 690 1117 Tum
709 1058 826 1118 Petrus:
857 1059 962 1131 Hodie,
990 1061 1093 1139 inquit,
1115 1079 1183 1139 perr

197 1147 260 1205 misi
279 1144 360 1203 vobis
380 1144 479 1203 dicere
493 1142 648 1203 'adversum
668 1146 803 1221 gentiles,
824 1155 855 1203 nt
872 1147 973 1215 nostis.
1020 1145 1059 1203 Et
1075 1144 1182 1204 Niectn

197 1232 252 1289 ait:
273 1229 327 1287 Dic
347 1249 418 1307 erge
438 1228 583 1300 Clemens,
604 1229 760 1308 dequibus
785 1228 888 1291 audme
913 1231 996 1291 velis.
1044 1230 1097 1290 Cui
1124 1250 1182 1307 ego

197 1316 260 1374 aio:
282 1314 430 1388 Quomodo
451 1314 565 1375 tradunt
583 1314 619 1373 de
638 1313 756 1373 deornm
776 1334 869 1373 coena
886 1315 1021 1393 gentiles,
1050 1334 1132 1393 quom
1151 1316 1182 1373 in

198 1400 278 1461 Pelei
297 1402 400 1479 nuptiis
419 1400 579 1460 hahuerunt
598 1411 628 1459 et
643 1399 784 1470 Thetidis,
805 1421 888 1479 quem
916 1400 1015 1461 dicunt
1041 1420 1107 1459 esse
1126 1400 1182 1458 Pa-

197 1484 287 1544 ridem
305 1496 462 1564 pastorem,
483 1496 514 1545 et
532 1505 600 1563 quas
619 1496 727 1563 ponunt
744 1485 893 1555 lunonem,
912 1485 1070 1545 Minervam
1081 1486 1181 1547 etVe-

197 1590 307 1642 nerem,
328 1592 400 1649 quae
419 1569 493 1649 apud
512 1589 574 1629 eum
591 1569 766 1642 iudicantur,
786 1590 906 1648 quemve
922 1571 1113 1641 Mercurium,
1133 1571 1181 1629 vel

198 1654 274 1735 qued
300 1657 412 1728 malum,
442 1666 472 1714 et
498 1665 615 1715 coetera
633 1675 706 1734 quoe
725 1675 779 1734 per
801 1654 931 1715 ordinem
949 1667 1179 1734 consequuntur,
1202 1659 1206 1663 ’

198 1760 300 1801 enarra
317 1742 412 1801 nohis.

241 1826 295 1885 dl.
342 1826 411 1885 Tum
430 1827 551 1888 Niceta:
573 1827 691 1887 Cocuae
711 1824 829 1886 deorum
848 1848 950 1887 caussa
967 1827 1024 1886 linc
1043 1825 1127 1887 medo
1146 1846 1178 1891 se

197 1911 293 1970 habet.
342 1912 507 1971 Convivium
524 1911 656 1971 mundum
675 1910 806 1984 tradunt,
827 1911 1023 1972 discumbendi
1050 1911 1179 1972 ordinem

198 1994 315 2055 deorum
334 1996 480 2055 stellarum
498 1998 689 2075 positionem
709 2018 781 2075 ques
796 1997 942 2067 Hesiodus
961 1999 1036 2058 coeli
1064 2009 1095 2057 ct
1121 2008 1181 2055 ter-

196 2101 247 2142 roe
266 2082 372 2159 primos
392 2082 465 2141 lilios
483 2082 620 2153 nominat,
649 2084 679 2140 iu
698 2083 799 2161 quibus
816 2102 870 2141 sex
887 2102 980 2143 mares
999 2088 1029 2141 et
1054 2102 1108 2143 sex
1135 2084 1180 2140 fe-

196 2168 286 2226 minas
305 2166 342 2226 ad
360 2165 510 2227 duedecim
529 2168 675 2246 signorum
695 2187 841 2227 numerum
858 2170 1004 2240 referunt,
1026 2188 1099 2249 quae
1116 2167 1181 2226 uui-

196 2273 308 2318 versum
328 2255 504 2312 circumeunt
523 2252 665 2313 muudum.
713 2253 808 2333 Dapes
834 2266 929 2312 autem
948 2256 1072 2314 convivii
1090 2255 1180 2312 ratio·

197 2358 249 2397 nes
268 2358 332 2398 esse
351 2350 381 2398 et
399 2359 514 2400 caussas
532 2358 627 2399 rerum
645 2336 762 2398 tradunt
779 2338 877 2398 dulces
888 2351 918 2398 et
927 2339 1177 2418 concupiscibiles,

198 2444 269 2502 quae
289 2425 410 2504 qualiter
428 2436 546 2503 regatur
565 2436 594 2483 et
613 2423 790 2502 gubernetur
807 2424 855 2484 hic
873 2424 1006 2508 mundus,
1026 2445 1064 2484 ex
1081 2427 1180 2501 signu-

197 2529 258 2568 rum
277 2510 420 2588 positione
439 2522 470 2570 et
487 2522 627 2570 astrorum
648 2508 778 2576 cursibus
797 2510 982 2588 colliguntur.
998 2570 1002 2578 ,
1027 2509 1075 2569 At
1092 2509 1180 2569 liber-

197 2595 264 2658 tatis
282 2605 376 2654 tumen
395 2597 518 2654 convivii
537 2595 649 2654 mudum
677 2594 776 2655 dicunt
801 2596 856 2653 ista
883 2589 1033 2666 constare,
1061 2616 1114 2674 pre
1142 2613 1179 2654 eo

196 2677 272 2757 quud
290 2690 461 2756 potestatem
479 2681 583 2738 habeut
606 2683 825 2759 uniuscuiusque
851 2699 967 2752 sensus,
987 2680 1011 2738 si
1037 2682 1107 2738 velit
1128 2678 1182 2738 de·

197 2774 313 2840 gustare
324 2765 429 2842 aliquid
440 2784 477 2824 ex
494 2765 653 2826 huiusmodi
671 2767 794 2824 seientia
810 2777 859 2824 aut
876 2767 901 2824 si
919 2767 1007 2837 nolit;
1028 2777 1058 2824 et
1067 2766 1179 2832 sientiu

197 2848 329 2908 convivio
347 2868 430 2908 neme
450 2851 575 2928 cogitur,
596 2850 647 2909 sed
666 2850 803 2909 vescendi
822 2850 941 2910 libertas
964 2870 1055 2929 penes
1082 2869 1181 2920 unum-

198 2952 335 3012 quemque
356 2945 411 3006 est,
432 2936 473 2996 itu
492 2946 522 2993 et
538 2935 759 3014 philosophandi
777 2936 851 2994 ratio
869 2935 977 3014 pendet
1004 2938 1032 2994 iu
1050 2936 1179 2995 velunta-

165 3015 233 3080 'tis
260 3019 389 3080 arbitrio.
440 3019 620 3092 Discordiam
654 3021 929 3098 concupiscentiam·
944 3023 1041 3081 curnis
1068 3020 1176 3090 dieunt,

196 3124 269 3182 quae
289 3105 411 3183 insurgit
428 3106 578 3166 adversum
596 3108 773 3186 propositum
790 3108 894 3164 mentis
914 3117 944 3165 et
961 3104 1179 3184 philosophandi

162 3213 164 3218 ¹
196 3189 314 3269 impedit
332 3190 556 3264 studiumqideo
576 3191 700 3270 denique
720 3202 749 3250 et
766 3202 876 3270 tempus
899 3191 968 3250 illud
995 3211 1060 3271 esse
1085 3192 1176 3261 aiunt,

196 3275 223 3339 iu
245 3295 299 3353 quo
319 3274 355 3334 de
374 3278 478 3356 nuptiis
497 3279 601 3355 agitur.
650 3275 766 3336 Peleum
784 3296 854 3336 vero
874 3287 904 3334 et
920 3275 1069 3334 Thetidem
1088 3274 1180 3353 Nym-

196 3359 290 3438 pham,
310 3358 417 3434 aridum
438 3372 468 3420 et
485 3360 626 3420 humidum
643 3371 753 3438 ponunt
779 3361 967 3431 elementum,
995 3381 1034 3418 ex
1060 3379 1180 3438 qnorum

144 3473 156 3496 ·
197 3442 370 3508 admixtione.
389 3445 545 3505 substantia
563 3464 715 3524 corporum
742 3457 866 3505 cunstat.
912 3446 1087 3505 Mercurium
1112 3463 1180 3504 ver-

195 3529 260 3588 bum
280 3548 345 3590 esse
363 3530 488 3603 tradunt,
509 3550 562 3610 per
580 3529 656 3608 qnod
674 3531 771 3590 sensui
789 3530 921 3590 doctriua
939 3532 1103 3601 confertur,
1133 3528 1179 3588 lu-

195 3635 298 3680 nonem
317 3615 494 3694 pudicitiam,
513 3615 670 3674 Minervam
688 3615 900 3689 fortitudinem
920 3617 1066 3676 Venerem
1084 3613 1179 3674 libidi-

196 3720 260 3775 nem
280 3699 388 3771 dicunt,
408 3697 540 3759 Paridem
558 3719 683 3773 sensum,
731 3701 764 3760 st
783 3719 866 3778 crgo,
886 3703 980 3770 aiunt,
1007 3698 1124 3760 accidat
1149 3700 1180 3758 in
1272 3755 1278 3765 ,

195 3784 309 3843 homine
328 3785 479 3843 barbarum
498 3804 563 3844 esse
583 3796 613 3844 et
630 3786 789 3864 imperitum
807 3805 938 3857 sensum,
958 3796 989 3844 et
1005 3796 1116 3849 rectum
1134 3786 1180 3842 iu·

197 3867 300 3944 dicium
319 3871 507 3942 nescientem,
528 3880 625 3948 spreta
642 3868 782 3954 pudicitia
798 3880 830 3928 et
844 3872 951 3930 virtuto
977 3868 1090 3929 libidini
1115 3870 1196 3948 pel-.
