2634 4400
666 281 732 340 teo

592 375 805 388 n———n———oo

140 547 147 554 ,
212 491 310 550 colore
330 499 436 546 mutato
455 489 608 564 exsanguis
627 485 748 545 effectus
762 497 822 557 θεῖς
832 487 971 544 ‘extimuit
982 489 1055 544 enim
1067 505 1104 543 nc
1115 482 1191 544 lorte

211 577 234 634 si
253 585 374 651 negaret
391 583 622 650 perscrutaretur
640 571 739 628 dontns
758 572 832 641 eins,
851 582 901 628 aut
917 591 955 630 ne
973 571 1126 647 indignans
1138 571 1191 628 Pc-

186 665 191 680 *
211 672 271 718 tras
289 659 465 716 manifestius
484 677 547 714 enm
563 655 715 735 proderet,
734 665 764 713 et
782 656 911 715 omnibus
930 657 1091 733 qnisesset
1109 656 1191 712 inno-

211 753 350 812 tesceret,
371 744 411 800 ita
429 741 595 820 responditz
620 739 750 798 Obsecro
768 750 798 798 tc
816 740 915 811 Petre,
935 740 1190 818 perillumbonnm

209 828 292 886 doum
320 828 366 904 qui
394 827 422 883 in
450 837 478 884 tc
507 836 563 896 est,
591 835 623 884 ut
648 825 746 882 vincas
774 826 906 886 malitiam
929 843 1002 902 qaae
1020 825 1050 881 in
1068 836 1189 894 mcmst,

209 913 324 990 suscipe
345 929 389 968 me
408 909 443 969 ad
462 911 668 988 poeaitentiam
686 920 717 966 et
734 909 854 968 habebis
871 928 917 966 me
935 908 1095 967 adiutorem
1107 928 1192 985 prac-

209 996 362 1054 dicationis
380 1005 458 1053 tuae.
505 993 589 1052 Nunc
608 994 684 1052 enim
702 1012 771 1051 rere
789 994 877 1052 rebus
895 995 963 1071 ipsis
976 992 1097 1064 didici,
1127 996 1191 1070 qnia

209 1081 256 1138 dci
275 1080 335 1138 veri
355 1079 496 1156 propheta
515 1097 558 1148 cs,
579 1089 609 1136 et
626 1077 693 1135 ideo
712 1089 826 1136 secreta
845 1077 985 1138 hominurn
1003 1078 1082 1136 solus
1106 1089 1191 1155 atquc

208 1183 315 1222 arcana
334 1163 498 1238 cognoscis.
529 1163 565 1219 Et
579 1162 681 1221 Petrus
699 1163 754 1219 ait:
775 1160 889 1220 Videtis
907 1163 1022 1232 iratres,
1044 1162 1191 1220 Simonem

208 1248 414 1328 poenitentiam
433 1258 629 1324 quaerentem,
650 1246 735 1323 paulo
754 1256 819 1323 post
837 1247 970 1304 videbitis
997 1266 1061 1304 enm
1091 1267 1191 1306 rursus

209 1332 245 1391 ad
264 1331 460 1389 infidelitatem
480 1351 556 1390 suam
575 1331 694 1390 reverti.
741 1329 846 1388 Putans
864 1332 939 1392 enim
957 1351 1002 1388 me
1020 1331 1191 1409 prophetam

208 1435 284 1487 esse,
306 1436 357 1494 pro
377 1435 413 1474 eo
433 1413 507 1494 quod
526 1415 668 1494 publicavi
686 1416 759 1473 mala
777 1416 850 1486 eius,
870 1435 942 1492 quac
961 1416 990 1473 ia
1005 1417 1192 1474 seeretislna·

207 1501 294 1560 behat
312 1512 342 1559 et
360 1502 387 1558 in
407 1502 538 1570 occultis,
559 1501 764 1579 poeniteutiam
782 1519 813 1558 se
832 1510 960 1558 acturum
978 1499 1126 1577 promisit,
1146 1519 1191 1558 mc

207 1597 301 1648 autem
319 1587 433 1644 mentiri
453 1587 495 1643 las
514 1603 569 1642 non
589 1595 644 1654 est,
667 1603 759 1661 neque
782 1595 813 1641 ut
840 1583 964 1642 infidelis
989 1585 1036 1642 hic
1063 1585 1193 1642 salvetur

207 1681 330 1732 autnon
349 1669 485 1738 salvetur,
507 1688 564 1744 ego
582 1668 684 1726 fallere
703 1667 809 1726 debeo.
854 1668 960 1726 Testor
982 1669 1056 1726 enim
1076 1669 1191 1726 coelum

208 1766 240 1813 et
261 1765 378 1822 terram,
399 1753 464 1830 quia
483 1772 539 1810 non
558 1750 728 1830 prophetice
747 1752 826 1822 dixi,
856 1772 929 1830 quac
948 1751 1014 1810 'dixi
1042 1752 1089 1810 uel
1115 1773 1191 1830 quac

208 1848 340 1917 qnantum
359 1836 496 1915 possibile
516 1847 589 1907 eret,
610 1835 700 1894 turbis
717 1836 896 1894 audientibus
922 1837 1064 1906 indicavi,
1092 1836 1146 1896 sed
1174 1857 1192 1895 a

208 1919 373 1999 quibusdam
392 1922 439 1997 qni
457 1931 524 1978 tunc
544 1922 571 1978 ei
589 1922 662 1979 socii
681 1921 796 1980 inerant
813 1923 842 1978 in
860 1922 996 2000 operibns
1014 1922 1084 2001 suis,
1114 1942 1190 1980 nnnc

207 2017 302 2064 antem
321 2005 455 2062 conversi
473 2003 591 2062 suntad
610 2003 694 2062 fidem
713 2016 853 2075 nostram,
882 2005 950 2083 qnid
977 2007 1006 2064 ci
1023 2007 1053 2062 in
1071 2018 1198 2065 secrete

207 2100 318 2167 gestum
337 2089 385 2161 sit,
406 2087 509 2161 didici,
531 2089 647 2166 cognita
666 2107 738 2165 ergo
756 2109 813 2147 non
839 2091 1028 2168 praecognita
1056 2091 1191 2168 loquutus

206 2195 278 2235 sum.

248 2258 304 2319 dii.
352 2262 450 2321 Simon
469 2282 538 2321 vcro
557 2274 588 2321 ut
605 2262 678 2321 haec
696 2260 803 2319 audivit
820 2260 980 2319 maledictis
1007 2261 1050 2319 tis
1068 2271 1100 2319 ct
1117 2278 1191 2319 con·

206 2347 288 2404 viciis
306 2346 474 2425 adgreditur
493 2347 618 2417 Petrum,
640 2345 756 2404 dicens:
787 2345 810 2403 0
837 2343 1039 2404 nefandissime
1063 2347 1190 2403 omniurn

206 2441 237 2489 et
262 2430 454 2502 dolosissimo,
484 2433 530 2488 cni
556 2432 706 2489 victoriam
733 2432 861 2500 fortuna,
870 2450 935 2487 ‚non
959 2431 1066 2487 veritas
1093 2428 1187 2494 dedit.

205 2514 313 2575 Verum
331 2534 388 2591 ego
412 2534 468 2571 non
487 2534 540 2591 pro
559 2515 680 2590 penuria
701 2515 840 2573 scientiae
867 2515 1074 2592 poenitentiam
1102 2516 1189 2591 potii,

206 2597 257 2657 scd
276 2610 307 2655 ut
323 2610 373 2667 tu,
402 2608 503 2675 putans
531 2616 574 2655 me
602 2616 656 2675 per
682 2599 887 2675 poenitentiam
912 2597 1081 2675 discipulum
1109 2609 1189 2655 tuam

205 2683 270 2740 iore
282 2725 291 2752 ,
321 2680 415 2739 omnia
441 2692 556 2739 secreta
582 2682 771 2759 professionis
796 2692 865 2741 tuac
891 2681 1087 2740 concrederes
1105 2684 1187 2754 milri,

205 2776 236 2823 ut
267 2767 306 2823 ita
337 2763 447 2823 demum
475 2774 504 2824 te
536 2767 645 2823 cunctis
676 2765 782 2841 agnitis
813 2767 1003 2824 confutarem.
1064 2765 1126 2824 Sed
1157 2777 1191 2825 nt

206 2846 323 2906 callidus
342 2848 508 2907 intellexisti
526 2869 607 2927 quam
625 2848 664 2908 ob
682 2868 808 2906 caussam
827 2849 1041 2926 poenitudinem
1058 2851 1190 2909 simulas-

205 2951 285 3002 sem,
323 2944 352 2990 ct
378 2932 547 3011 adquievisti
575 2944 707 3010 tanquam
738 2952 829 2989 meum
857 2952 913 2992 non
940 2935 1106 3009 intelligens
1134 2934 1217 2992 do-·

205 3018 272 3086 lum,
300 3028 331 3075 ut
357 3018 434 3095 prius
461 3038 505 3076 me
533 3016 606 3096 apud
633 3016 766 3094 populum
784 3036 959 3094 exponeres,
979 3020 1189 3096 quasiirnpcri-

204 3112 274 3173 tum,
294 3111 352 3160 tum
371 3100 476 3160 deindo
495 3100 678 3180 praevidens,
698 3100 774 3178 qnod
791 3120 849 3178 ego
867 3102 908 3159 ita
933 3102 1039 3179 populo
1067 3105 1188 3180 onposi-

204 3196 248 3245 tus
267 3206 388 3245 necesse
407 3185 499 3247 habco
518 3184 660 3262 indignari
679 3196 707 3244 ct
727 3186 858 3243 confiteri
876 3204 921 3243 mc
940 3205 997 3244 non
1015 3205 1086 3245 vere
1115 3208 1188 3264 poe-

155 3298 158 3304 ·
204 3270 359 3330 altudinem
378 3290 496 3347 gerere,
516 3270 703 3348 praevenisti,
722 3280 754 3326 ut
771 3267 887 3345 diceres
912 3289 959 3327 me
976 3269 1013 3327 ad
1031 3269 1188 3329 inlidclita·

203 3366 261 3413 tcm
280 3374 370 3413 meam
391 3366 455 3431 post
472 3354 678 3432 poenitentiam
691 3370 900 3428 regressurum,
922 3356 1085 3411 ntomniex
1102 3368 1188 3433 parte

202 3438 307 3496 vicisse
323 3437 477 3507 uidereris,
499 3447 528 3495 et
545 3438 569 3495 si
588 3454 786 3513 permanerem
795 3436 824 3493 in
834 3438 1013 3513 poenitentia
1023 3458 1106 3516 qnam
1116 3459 1188 3517 pro·

202 3524 295 3581 fessus
313 3524 434 3593 ineram,
455 3522 526 3579 etsi
545 3538 601 3577 non
619 3538 829 3597 permanerem,
849 3530 881 3577 ut
897 3531 927 3577 tu
945 3523 1061 3599 sapiens
1080 3523 1187 3581 crede·

202 3608 287 3677 reris,
308 3607 354 3684 qui
373 3608 428 3663 ista
445 3600 632 3681 praevideris,
653 3622 711 3680 ego
719 3613 813 3661 antem
823 3602 961 3681 deceptas
969 3603 1098 3675 viderer,
1119 3609 1188 3683 quia

202 3702 278 3749 tunm
297 3711 354 3749 non
372 3686 498 3767 praevidi
518 3684 627 3757 dolnm3
647 3698 678 3745 ta
695 3706 766 3745 vero
784 3705 875 3743 meum
893 3687 1080 3763 praevidens,
1103 3692 1186 3747 calli-

203 3774 291 3834 ditate
319 3794 385 3833 usus
413 3771 661 3849 circumscripsisti
687 3790 744 3829 me.
796 3768 855 3827 Sed
880 3781 912 3827 nt
938 3770 1017 3842 dixi,
1046 3774 1185 3832 fortunae

203 3870 258 3931 est,
278 3878 335 3917 non
347 3855 482 3915 *veritatis
501 3856 554 3913 ista
572 3857 710 3927 victoria,
730 3855 791 3913 scio
810 3864 904 3911 tanen
922 3873 974 3913 cnr
991 3857 1184 3932 egoistaaon

434 4090 465 4151 .
558 4116 562 4125 ,

379 4184 385 4199 ι
