2634 4400
647 323 716 385 228

575 416 789 427 ...ι-

196 531 322 609 Cumque
340 530 414 589 haec
433 531 616 608 loqueremur
634 530 711 587 inter
729 548 792 598 nos,
822 524 1096 605 nunciavit'quidam
1114 528 1176 607 piu·
1256 508 1263 513 ⁵

195 618 293 674 rimam
314 626 391 673 stare
414 614 547 696 populum
576 614 647 671 ioris
675 614 721 693 qni
749 612 883 671 audiendi
909 613 1004 690 gratia
1031 630 1176 671 convene·
1268 616 1270 623 '

194 704 263 771 rint,
284 711 314 759 et
331 699 432 759 Petrus
451 700 532 758 iussit
550 699 593 757 his
612 697 793 777 ingrediendi
805 698 917 775 copiam
928 695 1007 769 dari,
1028 698 1176 755 eratenim

195 788 275 845 locus
295 796 470 864 opportunus
489 796 518 843 ct
537 784 656 863 amplus.
679 783 805 862 Cumque
824 783 947 859 ingressi
975 782 1106 853 luissent,
1136 784 1177 840 ait

194 870 230 930 ad
248 891 300 929 nos
319 869 436 929 Petrus:
459 868 490 928 Si
510 870 571 949 quis
589 870 648 927 »vuit
667 879 802 939 vestrum,
823 868 911 926 iaciat
924 865 960 925 ad
969 868 1103 947 populum
1114 886 1176 925 ser·

193 950 304 1013 monem
325 966 354 1014 et
373 953 408 1013 de
427 953 592 1014 idololatria
620 952 753 1013 disserat.
802 952 853 1011 Cui
882 973 937 1029 ego
968 952 1101 1011 Clemens
1128 972 1177 1011 re·

194 1039 312 1120 spondi:
332 1040 422 1097 Multa
440 1040 604 1116 benignitas
623 1050 671 1097 tua
690 1049 719 1097 ct
738 1058 809 1115 erga
828 1058 927 1099 omues
946 1038 1050 1096 lenitas
1071 1058 1106 1096 ac
1124 1058 1176 1116 pa-

193 1126 294 1183 tientia
312 1123 441 1202 indulget
459 1124 552 1194 nobis,
578 1135 612 1181 ut
639 1123 792 1182 audeamus
819 1124 895 1201 loqui
915 1143 1012 1181 eoram
1031 1134 1060 1182 te
1081 1125 1176 1180 etro·
1248 1119 1252 1129 '

195 1229 264 1287 gare
284 1228 356 1286 quac
375 1210 522 1279 volueras}¹
547 1220 577 1267 ct
595 1207 661 1267 iden
680 1219 710 1266 ut
734 1208 806 1278 diri,
827 1228 935 1266 morum
959 1219 1069 1266 tuorum
1097 1228 1176 1267 man·

195 1288 316 1353 suetudo
349 1295 449 1352 invitat
481 1314 578 1353 omnes
611 1305 640 1352 et
671 1293 839 1353 adhortatur
865 1294 999 1351 salutaris
1027 1292 1176 1354 doetrinae

194 1390 351 1459 praecepta
370 1380 530 1459 suscipere.
579 1378 639 1437 Hoc
669 1400 725 1457 ego
753 1398 840 1457 usque
869 1378 904 1437 ad
936 1398 1074 1457 praesens
1101 1377 1177 1456 apud

195 1460 298 1523 nullum
318 1465 401 1523 alium
428 1464 505 1530 vidi,
536 1464 683 1542 uisiapud
703 1476 732 1523 te
751 1463 852 1535 solum,
873 1462 948 1542 apud
967 1484 1048 1542 quem
1070 1461 1177 1522 invidia

194 1544 270 1609 nulla
289 1560 332 1609 est
350 1569 443 1628 neque
463 1548 637 1627 indignatio,
659 1560 707 1609 aot
725 1548 791 1628 quid
810 1550 861 1607 tibi
880 1547 1011 1607 ridetur?

123 1629 125 1637 ’
211 1702 214 1709 ,
237 1632 289 1693 ld.
311 1680 316 1691 .
337 1634 373 1692 Et
393 1634 508 1693 Petrus:
529 1634 594 1694 Non
614 1634 704 1693 solum
723 1635 794 1693 hacc
814 1654 851 1692 cx
869 1632 974 1700 invidia
987 1633 1177 1713 autiudigna-

194 1721 273 1778 tione
291 1720 420 1791 veniant,
441 1718 492 1779 sed
511 1718 651 1778 interdum
671 1720 746 1777 inest
763 1718 901 1798 aliquibus
920 1713 1109 1790 verecundia,
1138 1740 1176 1777 nc

194 1807 270 1863 forte
291 1803 326 1863 de
350 1804 393 1863 his
413 1808 484 1884 quae
504 1816 713 1883 proponuntur,
735 1805 819 1883 plene
838 1802 1015 1885 respondere
1034 1826 1089 1862 nnn
1109 1825 1176 1884 pos-

196 1890 263 1959 sint,
286 1900 315 1947 et
333 1890 444 1967 lugiunt
462 1891 624 1970 imperitiae
645 1901 750 1948 notam.
798 1888 857 1947 Sed
876 1910 932 1948 uon
952 1888 1176 1967 debet‘proboc

196 1974 257 2052 quis
283 1973 485 2031 verecundiam
513 1976 582 2053 quati,
598 1976 678 2053 ‚quia
705 1994 759 2035 nee
786 1985 831 2033 cst
849 1974 950 2053 aliquis
969 1973 1109 2033 bominum
1130 1976 1177 2053 qui

194 2057 325 2137 profiteri
345 2056 449 2117 debeat
468 2060 561 2117 omnia
580 2079 611 2119 se
631 2060 815 2132 scircaunus
833 2061 908 2117 euim
929 2070 972 2117 est
991 2061 1037 2139 qui
1052 2060 1177 2117 seitom-

196 2137 254 2216 nia,
275 2144 336 2222 ipse
356 2144 402 2222 qni
422 2154 452 2203 et
471 2144 541 2204 lecit
561 2144 665 2204 omnia.
713 2145 744 2204 Si
759 2145 834 2204 enim
845 2143 1175 2222 magistei·uosterdienr

170 2273 172 2281 ,
197 2229 354 2300 ethoram,
377 2231 455 2289 cuius
475 2231 558 2288 etiam
578 2231 662 2308 signa
680 2228 833 2309 praedixit,
854 2232 968 2290 nescire
987 2222 1176 2310 seprofessus

197 2325 251 2384 est,
272 2325 303 2372 ut
320 2324 409 2373 totum
428 2326 582 2374 revocaret
601 2315 636 2373 ad
655 2327 776 2394 patrem,
799 2314 940 2394 quomodo
959 2337 1011 2373 nos
1029 2327 1113 2394 turpe
1125 2315 1177 2373 du-

197 2394 304 2470 cemus,
326 2401 349 2458 si
368 2400 459 2478 aliqua
481 2422 531 2458 nos
554 2402 691 2478 ignorare
715 2401 870 2473 fateamur,
900 2421 963 2458 rum
990 2403 1120 2479 magistri
1147 2402 1176 2459 in

196 2479 251 2542 hoc
270 2484 423 2543 habeamus
443 2485 622 2564 exemplum?
642 2484 704 2543 Hoc
722 2497 817 2545 tamen
837 2507 918 2544 unum
946 2487 1114 2565 profitemur
1141 2506 1177 2544 ea

196 2591 248 2628 uos
267 2571 353 2641 scire,
375 2589 447 2648 quae
465 2591 482 2629 a
499 2591 570 2630 vero
588 2571 729 2650 propheta
743 2569 907 2645 didicimus,
929 2582 1176 2631 caantcmavero

196 2649 337 2735 propheta
356 2654 438 2735 nobis
456 2675 521 2714 esse
541 2655 656 2728 tradita,
679 2677 751 2735 quae
770 2658 905 2715 sufficere
924 2657 1062 2715 humanae
1081 2657 1177 2715 seien-

196 2741 253 2799 tiae
273 2738 418 2798 iudicavit.
1084 2739 1091 2746 ⁴

242 2821 295 2882 15.
341 2823 410 2882 Tum
429 2845 484 2903 ego
505 2813 636 2885 Clemens
656 2825 755 2884 dicere
774 2826 813 2883 ita
836 2827 935 2906 coepi:
964 2825 1049 2905 Apud
1074 2825 1176 2907 Tripo-

196 2910 243 2969 lim
263 2927 324 2966 cum
345 2915 445 2968 contra
464 2912 587 2988 gentiles
607 2909 776 2989 disputares,
798 2909 911 2970 domine
929 2914 966 2969 mi
976 2912 1074 2984 Petre,
1095 2911 1177 2970 valde

197 2995 312 3052 miratus
331 3015 389 3053 sum
408 3005 448 3066 te,
471 2997 516 3076 qui
536 3016 553 3053 a
571 2997 698 3074 patribus
717 2995 851 3056 Hebraeo
869 2999 926 3056 ritu
944 3008 974 3055 et
989 2996 1177 3056 observantiis

197 3079 332 3159 propriae
352 3080 425 3157 legis
447 3080 568 3160 imbutus
588 3081 719 3140 Graecae
743 3080 913 3141 eruditionis
935 3081 1034 3141 studiis
1053 3084 1080 3140 in
1099 3083 1176 3140 nullo

197 3159 357 3243 inquinatus
377 3185 418 3237 es,
441 3164 582 3243 quomodo
602 3177 658 3224 tam
678 3167 830 3244 magnifice
849 3177 879 3225 ct
897 3177 953 3226 tam
967 3168 1177 3246 incomparabi-

196 3249 263 3311 liter
280 3261 469 3329 prosequutus
487 3251 538 3322 sis,
558 3252 597 3309 ita
616 3263 646 3310 ut
665 3253 748 3310 etiam
768 3251 905 3330 quaedam
925 3252 960 3311 de
971 3252 1097 3311 historiis
1107 3251 1179 3311 deo-

196 3330 257 3392 rum
286 3355 358 3413 qnae
385 3336 413 3393 in
442 3335 560 3394 theatris
580 3335 727 3394 decantari
747 3337 851 3409 solent,
867 3339 1071 3416 contingeres.
1117 3337 1177 3395 Ve-

197 3438 257 3477 rum
278 3419 409 3496 quoniam
428 3421 504 3478 sensi
524 3420 572 3477 tibi
593 3422 668 3498 ipsas
687 3418 796 3479 fabulas
815 3433 845 3480 ct
861 3423 1051 3501 blasphemias
1078 3442 1177 3481 eorum

197 3503 288 3562 minus
307 3523 371 3562 esse
390 3515 481 3574 notas,
504 3504 540 3562 de
559 3504 602 3562 bis
621 3506 644 3562 si
665 3507 771 3583 placet,
793 3507 886 3585 aliqua
905 3509 933 3564 ia
952 3506 1049 3568 auditu
1067 3519 1115 3566 tuo
1129 3527 1178 3566 re-

197 3597 299 3672 petens
319 3588 353 3646 ab
373 3590 434 3667 ipsa
454 3589 566 3666 origine
585 3588 735 3650 disseram.
782 3589 819 3658 Et
837 3590 955 3652 Petrus:
980 3591 1051 3664 Dic,
1072 3593 1174 3672 inquit,

197 3673 272 3732 bene
291 3675 362 3731 lacis
381 3674 478 3732 iuvare
497 3673 742 3752 praedicationem
762 3688 897 3736 nostram.
944 3677 1013 3735 Tum
1032 3697 1104 3755 ego:
1126 3675 1178 3735 Di-

198 3777 259 3815 cam
288 3759 376 3835 igitur
403 3759 468 3837 quia
495 3757 587 3830 iubes,
617 3780 673 3817 non
701 3769 732 3817 ut
758 3759 878 3832 docens,
906 3761 959 3821 sed
977 3783 1059 3841 quam
1078 3761 1178 3820 stultas

197 3841 233 3900 de
262 3839 315 3900 diis
342 3843 399 3900 suis
426 3844 576 3921 opiniones
602 3842 725 3902 habeant
751 3845 885 3922 gentiles,
915 3847 943 3904 in
970 3846 1092 3906 medium
1109 3866 1178 3926 pro-

196 3925 305 3983 ferens.
