2634 4400
638 262 710 327 25⁰

578 359 780 370 αμα-,ι--ι--ι

184 485 248 537 suut
265 474 379 533 nomina
397 482 461 533 sunt
479 471 569 533 haee:
589 471 689 544 Theio,
711 470 803 545 lltrea,
822 470 949 545 Themis,
963 470 1165 555 Mnemosyne,

183 560 294 635 Thetis,
315 558 408 619 llcbe.
902 554 905 558 ¹

228 644 282 704 18.
329 642 374 703 Ex
400 645 443 705 his
462 642 591 703 omnihus
619 644 666 722 qui
693 644 799 723 primus
817 644 912 701 luerat
930 662 947 702 e
966 644 1165 717 coelo-natus,

182 729 300 813 primam
319 741 416 789 terrac
435 730 519 791 filiam
538 730 652 807 aceepit
671 749 807 800 uxorem,
828 728 970 787 secundus
998 728 1165 803 secundam,

184 828 215 876 et
233 815 492 876 caeteri-similiter
509 834 562 894 per
580 813 721 875 ordinem.
768 813 877 873 Primus
896 833 968 893 ergo
988 816 1034 895 qui
1048 815 1167 897 primam

185 902 317 974 duxerat,
337 912 456 980 propter
474 921 534 960 eam
555 899 693 959 deductus
717 910 762 959 cst
780 899 930 973 deorsum;
952 899 1079 959 secunda
1095 920 1167 960 vero

183 997 303 1069 propter
322 1006 385 1045 cum
405 987 450 1043 eui
469 995 614 1065 nupserat,
636 984 786 1043 adscendit
803 1004 928 1057 sursum3
959 987 1045 1044 etita
1063 985 1167 1063 singuli

184 1092 239 1153 per
258 1070 385 1130 ordinem
404 1071 560 1141 incientes,
590 1080 754 1129 manserunt
779 1070 808 1129 in
835 1070 878 1127 his
905 1071 951 1149 qui
980 1072 1021 1129 eis
1049 1071 1167 1150 nuptiali
1217 1118 1224 1121 .

186 1167 264 1217 sorte
284 1156 460 1214 obvenerant
478 1155 561 1213 locis.
607 1154 652 1213 Ex
674 1157 793 1215 istorum
820 1154 1068 1214 coniunctionibus
1095 1156 1167 1214 alios

187 1260 298 1321 quoque
317 1242 481 1299 innumeros
499 1238 636 1299 adserunt
653 1242 834 1319 progenitos.
882 1239 942 1299 Sed
969 1239 1005 1298 de
1033 1241 1088 1298 illis
1115 1260 1168 1300 sex

185 1326 325 1399 maribus,
346 1346 417 1385 unus
444 1324 490 1403 qui
510 1323 614 1383 dicitur·
642 1324 783 1385 Saturnus
809 1327 837 1383 in
865 1325 1027 1403 coniugium
1055 1326 1170 1404 accepit

186 1411 306 1483 Rheam,
328 1422 357 1469 et
376 1431 438 1470 eum
457 1428 597 1489 responso
617 1410 738 1489 quodam
766 1412 952 1469 commonitus
981 1422 1070 1481 esset,
1092 1408 1167 1491 quod

122 1536 143 1562 x,
186 1500 233 1577 qui
262 1516 299 1555 ex
326 1498 360 1555 ea
387 1507 556 1555 nasceretur
582 1497 688 1554 fortior
714 1497 775 1575 ipso
795 1496 905 1555 iuturus
924 1506 1002 1555 esset
1019 1514 1168 1575 regnoque

188 1602 250 1641 eum
270 1581 441 1660 depelleret,
463 1600 561 1640 omnes
580 1582 626 1659 qui
655 1582 682 1639 ei
710 1591 899 1640 nascerentur
925 1580 999 1639 lilios
1027 1579 1168 1641 deuorare

185 1668 318 1727 instituit.
352 1664 424 1725 lluie
444 1686 515 1743 crgo
534 1686 567 1745 pr
569 1686 638 1724 rmus
657 1667 784 1725 nascitur
802 1666 887 1737 lilius,
908 1685 990 1746 quem
1004 1664 1099 1725 Aiden
1118 1686 1170 1745 ap·

186 1754 350 1852 pellarunt,
380 1753 437 1831 qui
453 1750 528 1831 apud
553 1772 603 1809 nos
623 1750 714 1811 Oreus
734 1752 904 1822 nominatur,
926 1770 1007 1831 quem
1022 1758 1170 1831 procaus-

187 1840 226 1897 sis
246 1836 344 1919 quibus
364 1834 599 1915 supradiximus,
629 1835 785 1895 adsumtum
814 1835 933 1895 devorat
959 1846 1053 1914 pater.
1100 1836 1171 1895 Post

187 1924 261 1981 hune
281 1920 436 1981 secundum
455 1923 570 1999 genuit,
592 1941 674 2000 quem
701 1908 866 1999 Neptunum
892 1920 1000 1992 dieunt,
1030 1941 1169 2002 quemque

188 2007 272 2067 simili
290 2005 373 2064 modo
394 2005 553 2065 devoravit.
600 2006 789 2065 Novissimum
808 2006 908 2083 genuit
926 2026 1001 2079 eum,
1022 2027 1104 2085 quem
1122 2005 1170 2065 lo-

186 2112 249 2153 vem
270 2090 425 2171 appellant,
446 2089 497 2149 sed
516 2091 589 2149 hune
608 2102 701 2149 mater
718 2092 856 2150 miserans
874 2090 970 2164 Rhea,
999 2112 1052 2173 per
1078 2103 1168 2151 artem

188 2176 362 2239 devoraturo
381 2175 520 2236 subtrahit
536 2178 622 2258 patri,
645 2189 674 2236 et
691 2178 782 2256 primo
802 2175 913 2257 quidem
932 2196 969 2237 ue
987 2180 1099 2256 vagitus
1118 2199 1171 2258 pu·

188 2265 231 2324 eri
250 2265 459 2334 innotesceret,
480 2262 660 2342 Corybantes
680 2259 813 2362 quosdam
834 2261 1171 2343 epmbalaleeitactpm-

187 2345 260 2429 pana
278 2359 443 2428 percutere,
464 2359 495 2407 ut
513 2348 700 2428 obstrepente
719 2350 812 2406 sonitu
831 2349 942 2426 rugitus
957 2369 1013 2406 non
1024 2347 1171 2408 audiretur

187 2435 316 2498 iniantis.

232 2517 286 2579 19.
334 2518 394 2580 Sed
412 2539 475 2578 cum
494 2539 531 2578 ex
549 2521 623 2580 uteri
650 2521 844 2579 imminutione
871 2519 1062 2580 intellexisset
1087 2530 1173 2600 peter

189 2603 294 2665 editum
313 2616 435 2684 parturn,
457 2605 610 2685 expetebat
628 2604 665 2663 ad
684 2604 892 2677 devorandum
916 2616 984 2664 tunc
1004 2605 1083 2665 llhca
1101 2605 1172 2684 lapi-

190 2688 254 2750 dem
274 2692 301 2748 ei
320 2689 446 2748 offerens
465 2710 606 2767 magnum,
627 2690 702 2748 hrnnc
721 2691 820 2768 genui,
841 2692 942 2769 inquit.
987 2688 1028 2749 At
1054 2691 1102 2751 ille
1121 2710 1171 2750 ac-

121 2779 127 2787 '
191 2774 301 2853 cipiens
319 2773 477 2845 absorbuit,
499 2786 529 2834 et
546 2775 618 2854 lapis
638 2772 792 2834 devoratus
812 2774 943 2854 eosquos
959 2777 1052 2856 primo
1071 2775 1171 2835 absor-

168 2859 292 2924 'lruerat
311 2857 395 2929 filios,
416 2859 499 2917 trusit
518 2871 547 2918 et
566 2862 664 2937 coegit
692 2861 784 2919 enine.
831 2858 940 2920 Primus
968 2881 1039 2938 ergo
1067 2881 1172 2943 proee-

190 2943 261 3003 dens
281 2941 431 3002 deseendit
451 2943 552 3015 Orcus,
574 2955 604 3004 et
621 2945 771 3016 inferiora,
791 2945 847 3004 lroc
867 2958 912 3005 est
942 2947 1056 3005 inferna
1084 2966 1172 3006 occu·

188 3041 239 3110 pat
257 3030 331 3089 loca.
380 3027 529 3090 Secundus
548 3042 646 3111 utpote
665 3032 714 3090 illo
732 3033 865 3110 superior
882 3051 969 3110 snper
977 3051 1064 3111 aquas
1074 3031 1171 3091 detru

190 3114 305 3188 ditur,
297 3137 321 3174 rs
340 3135 422 3195 quem
441 3115 603 3195 Neptunum
621 3128 738 3181 uocant.
784 3116 898 3176 Tertius
917 3119 964 3197 qui
983 3129 1045 3177 arte
1073 3118 1170 3175 metris

189 3197 288 3261 Rheae
308 3201 464 3280 superfuit,
494 3202 528 3260 ab
557 3204 619 3282 ipsa
646 3220 752 3281 caprae
780 3203 976 3282 superpositus
1002 3204 1032 3261 iu
1059 3203 1170 3262 coelum

138 3354 145 3366 ι
191 3288 309 3346 emissus
329 3298 384 3346 est.

234 3370 290 3430 20.
338 3369 484 3430 Hactenus
503 3373 623 3431 anilis
604 3373 751 3450 gentilium
769 3371 866 3432 fabulo
883 3374 1172 3456 etgeoealogiapro-

192 3457 330 3526 cesserit3
360 3457 422 3514 sine
445 3451 506 3514 line
534 3459 608 3517 enim
627 3468 682 3530 est,
703 3459 727 3515 si
745 3458 830 3517 uelim
850 3479 948 3518 omues
967 3462 1171 3538 generationes

192 3561 289 3602 eorum
310 3558 380 3618 quos
399 3538 470 3599 deos
489 3541 641 3620 appellant,
668 3553 698 3602 et
716 3544 801 3623 impia
819 3555 903 3622 gesta
920 3545 1064 3624 prolerre
1113 3543 1173 3605 Sed

191 3624 314 3706 exempli
334 3627 427 3703 gratia
446 3627 557 3686 omissis
576 3630 717 3701 caeteris,
747 3629 828 3688 unius
856 3648 939 3708 quern
965 3633 1115 3710 maximum
1143 3641 1174 3690 ct

190 3713 376 3790 praecipuum
402 3711 693 3794 habent,'quemque
720 3713 816 3774 lovem
843 3717 1000 3786 nominant,
1029 3717 1173 3793 flagitiosa

191 3807 275 3874 gesta
293 3795 450 3875 replicabo.
498 3796 578 3858 Hunc
598 3801 673 3859 enim
692 3800 803 3859 coelum
822 3798 1173 3879 dicuntteneretanquam

193 3881 318 3939 caeteris
328 3881 488 3956 meliorem,
510 3884 556 3961 qui
567 3883 847 3956 statimutadolerit,
868 3904 998 3945 sororem
1012 3887 1170 3965 propriam,
