2634 4400
545 303 702 380 ¹¹73·

109 509 177 579 bae,
198 510 288 567 sterni
307 509 389 566 iussit
407 507 480 566 humi
500 508 630 566 subadre
649 509 714 567 atrii
734 507 809 567 nude
829 509 875 568 ιιΙιί
893 508 1093 588 tueratdispu·
1150 555 1155 568 .

109 603 212 663 tatum,
232 603 263 652 et
280 592 413 654 recubuit
430 613 485 650 una
503 611 566 650 enm
586 593 817 665 ittisnudeeim,
846 613 904 670 ego
931 613 1000 652 vero
1029 614 1093 652 eum

109 679 175 736 ediis
194 675 372 756 quibusdam,
393 677 440 755 qui
459 688 489 735 et
507 678 561 754 ipsi
579 677 660 736 initia
678 677 812 736 audiendi
830 679 911 736 verbi
931 676 978 736 dei
1005 698 1093 738 acee-

109 773 215 842 perant
232 772 262 820 et
280 771 361 820 erant
380 762 531 832 carissimi,
552 761 723 820 recumbens
741 762 885 820 sumebam
912 762 1016 822 eibum.
1118 838 1121 843 ⁴

155 846 225 904 71:
260 845 320 904 Sed
346 845 566 922 benignissimus
596 845 698 905 Petrus
724 846 929 918 considerans,
958 848 1093 906 neforto

109 931 255 989 tristitiam
274 931 341 988 mihi
360 931 483 989 inferret
500 931 554 990 ista
573 931 777 1008 sequestratio,
806 933 847 989 ait
872 930 908 989 nd
935 950 998 989 me:
1026 931 1093 991 Non

110 1027 165 1094 pro·
184 1013 327 1092 superbia,
349 1035 367 1072 o
386 1014 530 1085 Clemens,
551 1016 709 1074 convivium
736 1035 793 1074 non
820 1035 877 1092 ago
903 1035 966 1074 enm
985 1016 1029 1074 uis
1047 1017 1095 1094 qni
1121 986 1127 1091 J

110 1097 235 1159 nondum
262 1099 404 1176 purificati
431 1109 507 1170 sunt,
535 1097 587 1158 sed
613 1118 720 1159 vereor
746 1119 782 1158 ne
801 1101 877 1159 forte
895 1099 962 1158 mihi
981 1100 1094 1178 quidem
1121 1122 1125 1154 ι

111 1201 245 1253 neceam,
265 1184 335 1261 ipsis
358 1195 452 1243 antem
480 1183 547 1241 nihil
574 1186 692 1262 prosim.
740 1184 802 1242 Hoe
829 1186 904 1243 enim
931 1205 983 1262 pro
1011 1195 1093 1243 eerto
1122 1168 1128 1314 ἱ

111 1269 189 1327 seire
207 1277 238 1326 te
255 1268 333 1338 veie,
355 1269 418 1345 quia
431 1269 528 1326 'omnis
547 1270 594 1346 qui
613 1267 691 1338 idota
708 1269 798 1327 eoiuit
814 1267 978 1347 aliquando,
999 1280 1028 1327 et
1043 1289 1094 1328 ees
1121 1316 1126 1341 ,

111 1372 184 1431 ques
202 1353 306 1431 pagani
326 1353 472 1424 nominant
482 1351 563 1422 deos,
582 1350 715 1411 adorauit
730 1352 1094 1415 veldeimmoiatiseurum
1120 1350 1123 1369 ¹
1146 1380 1190 1446 «7

111 1436 285 1514 degustavit,
306 1435 558 1514 spirituimmunde
578 1448 751 1510 mercaret,
772 1439 892 1495 conviva
910 1439 985 1495 enim
1001 1439 1094 1494 iaetus

111 1533 159 1580 est
185 1519 365 1591 daemonum,
395 1531 425 1579 et
451 1521 632 1599 participium
651 1523 751 1579 sumsit
769 1522 830 1579 eius
848 1519 995 1582 daemonis
1014 1523 1101 1580 euius,
1121 1582 1124 1602 ‚

111 1607 140 1663 in
169 1615 265 1663 mente
292 1625 342 1663 sua
369 1607 515 1684 speeiem,
544 1605 590 1663 vel
618 1606 721 1663 timere
753 1606 798 1663 ved
825 1623 924 1664 amore
947 1605 1091 1663 formavit.
1121 1604 1124 1667 ζ

99 1689 150 1748 'Et
166 1709 220 1768 per
237 1689 309 1749 haee
337 1688 455 1747 mundus
483 1709 540 1747 non
568 1699 611 1748 est
638 1709 655 1747 a
681 1690 781 1770 spiritu
800 1688 958 1759 immundo,
980 1699 1010 1747 et
1027 1688 1094 1747 ideo
1122 1700 1128 1741 ι

111 1771 312 1853 purificatione
330 1771 443 1850 indiget
459 1771 603 1853 baptismi,
633 1784 665 1832 ut
682 1783 768 1832 exeat
793 1775 829 1832 ab
852 1793 889 1832 eo
908 1775 1024 1853 spiritus
1042 1773 1095 1831 im·
1131 1779 1134 1793 ’

112 1856 242 1929 mundus,
263 1859 309 1935 qui
330 1859 483 1917 interiores
500 1859 611 1918 animae
629 1860 718 1937 ipsius
737 1857 843 1916 insedit
859 1859 992 1926 adeetns,
1008 1860 1036 1930 ¹)
1065 1869 1096 1916 et

112 1941 189 2021 qued
207 1953 252 2000 est
270 1941 413 2014 deterius,
443 1961 497 2001 nee
521 1940 596 2024 quod
624 1944 797 2002 intrinseeus
823 1942 913 2001 lateat
937 1942 1093 2014 indicetur,

111 2027 154 2085 uti
172 2047 209 2086 ne
227 2026 387 2106 publicatus
405 2027 533 2104 fugetur.

156 2111 213 2170 ⁷2.
258 2110 363 2168 Amant
382 2113 455 2171 enim
474 2113 521 2170 isti
544 2112 662 2190 spiritus
688 2111 821 2171 immundi
848 2113 1001 2172 inhaerere
1028 2130 1095 2170 eor·

112 2195 231 2276 poribus
259 2195 412 2268 hominum,
441 2208 473 2255 ιιι
498 2198 624 2276 ipsorum
650 2199 811 2257 ministerio
837 2195 1011 2275 cupiditates
1028 2216 1095 2257 susm

112 2282 261 2359 expleant,
276 2290 313 2359 *et
329 2280 365 2340 ad
385 2300 419 2339 ea
438 2299 510 2359 quae
528 2282 583 2359 ipsi
603 2279 771 2341 desiderant
792 2282 964 2340 inelinantes
981 2282 1094 2340 animae

112 2377 218 2437 metus,
238 2366 296 2424 suis
315 2385 367 2425 ees
385 2384 490 2443 parere
505 2362 672 2423 libidinibus
690 2376 808 2443 cogant,
828 2376 860 2423 ιιι
877 2364 1040 2424 efficiantur
1057 2383 1095 2427 ea

112 2452 229 2527 integre
247 2468 313 2508 vasa
333 2449 513 2509 doemonum.
559 2446 603 2507 Ex
630 2446 731 2527 quibus
748 2469 821 2509 unus
848 2460 894 2507 est
911 2448 1011 2507 Simon
1034 2449 1092 2520 hie,

112 2536 161 2614 qui
188 2535 238 2593 tadi
257 2533 376 2613 quedam
400 2533 500 2592 moneo
523 2534 748 2612 eompreheusus
775 2552 829 2595 nee
848 2535 942 2596 sanari
961 2534 1016 2591 iam
1042 2553 1094 2611 po*

112 2628 191 2690 test,
221 2620 286 2697 quia
313 2619 457 2678 vuluntate
485 2629 515 2677 et
533 2620 683 2697 proposito
710 2630 854 2697 aegrotat.
902 2617 966 2677 Nee
993 2630 1096 2680 eonem

111 2704 286 2763 voluntatem
306 2705 367 2762 eius
387 2703 540 2762 habitatin
559 2701 800 2775 ee=dnemun,²)
828 2713 859 2762 et
884 2701 952 2761 ideo
978 2704 1003 2762 si
1030 2721 1095 2761 eum
1188 2772 1194 2781 ἱ

99 2788 176 2867 ‘quis
195 2789 299 2865 fugare
317 2789 388 2847 velit
406 2799 437 2847 et
454 2787 602 2867 expellere
621 2788 656 2845 ab
676 2807 724 2860 eo,
745 2807 808 2847 eum
827 2790 865 2847 sit
882 2787 1092 2872 inseparabilis,

113 2883 144 2931 et
161 2882 192 2930 ut
211 2874 251 2929 ita
269 2871 372 2943 dicam,
393 2874 485 2931 anima
503 2874 557 2931 iam
576 2874 639 2931 eius
666 2872 804 2944 effectum,
832 2872 977 2931 videbitur
1003 2872 1095 2950 magis
1116 2927 1118 2936 ,

113 2974 221 3015 necare
249 2974 312 3015 eum
344 2967 373 3015 et
399 2955 545 3015 homicidii
573 2958 682 3019 erimen
701 2959 862 3018 incurrere.
909 2955 1004 3017 Nemo
1021 2974 1094 3032 ergo

112 3051 239 3100 vestrum
259 3041 446 3101 contristetur
463 3060 479 3097 a
498 3041 629 3100 eonvivio
657 3052 757 3100 nostro
784 3052 944 3118 separatus,
964 3051 1095 3121 tempore

113 3127 189 3185 enim
208 3123 479 3202 aliquoobservare
498 3122 586 3181 dehet
603 3125 795 3203 unnsquisque
813 3143 882 3182 sane
909 3134 1014 3206 quanto
1033 3125 1095 3200 ipse

112 3210 247 3268 vetuerit.
278 3207 370 3266 Parvo
389 3208 463 3266 enim
482 3218 613 3284 tempere
631 3218 829 3287 sequestratur
846 3208 892 3286 qui
903 3206 1096 3266 eitovoiuerit

113 3294 266 3373 baptizari,
286 3292 373 3351 multe
392 3302 485 3351 antem
505 3292 551 3376 qui
575 3290 694 3353 tardius.
742 3289 940 3374 Unusquisque
967 3308 1039 3368 ergo
1066 3292 1095 3353 iu

113 3398 166 3437 sua
192 3377 278 3436 habet
303 3387 461 3455 potestate,
490 3376 578 3435 breue
605 3387 654 3435 aut
676 3377 791 3455 longum
809 3377 1006 3455 poenitentiae
1024 3394 1094 3435 suae

112 3473 226 3541 tempus
245 3462 377 3541 exigere,
398 3471 428 3520 et
446 3460 512 3523 ideo
531 3461 560 3525 ie
578 3458 659 3522 vebis
679 3470 734 3533 est,
755 3459 867 3547 quaudo
884 3461 979 3541 vetitis
997 3458 1094 3523 adno-

153 3698 177 3769 1)
196 3698 269 3753 Quae
286 3702 429 3759 sequuntur
445 3699 571 3749 vocabule
588 3712 671 3759 nsque
688 3700 722 3748 ad
737 3700 812 3748 ιΙιιιιιιι
829 3698 907 3747 iulus
929 3712 985 3758 unp.
1002 3692 1099 3747 desunt

114 3767 142 3814 in
160 3767 232 3813 eudd.
250 3767 332 3827 inipus.
350 3768 443 3816 emnia.

115 3832 234 3962 ΙιὶιἷξιΕι
252 3834 321 3883 ideo
338 3860 372 3871 -
390 3835 507 3885 crimen
530 3834 695 3885 incurrere
713 3848 775 3903 ‚non
793 3833 960 3895 inveniuntur
976 3833 1004 3880 in
1022 3832 1094 3880 cedd.
