2634 4400
662 234 732 297 249

590 328 804 341 -——-—

208 448 349 517 veritatis,
361 445 470 505 decore
480 441 647 523 pudicitiae,
668 440 824 522 splendore
834 442 971 512 iustitiae,
992 438 1196 521 caudorepic-

209 534 287 606 tatis,
309 533 429 611 aliisque
441 526 577 611 'omuibus
597 528 697 608 quibus
715 540 836 591 coortam
856 526 942 587 decet
960 528 1195 587 esserationabi-

210 620 265 679 lem
283 628 424 689 mentem3
444 627 501 675 tum
521 626 674 695 praeterea
693 613 840 673 declinare
859 634 877 671 a
895 614 1050 670 consortiis
1072 613 1193 674 inhone-

210 707 262 765 stis
281 714 310 763 et
328 700 500 774 infidelibus,
522 712 552 759 et
569 702 727 759 societates
745 699 852 759 habere
871 697 996 757 fidelium
1019 709 1105 776 atque
1130 698 1195 758 illos

209 792 398 869 frequentare
416 797 585 857 conventus,
606 787 635 845 in
655 786 755 865 quibos
774 783 810 844 de
828 782 977 862 pudicitia,
1007 782 1044 841 de
1072 784 1193 855 iustitia,

211 875 248 934 de
266 876 375 953 pietate
391 883 543 943 tractatur,
573 891 657 931 orare
686 890 802 949 semper
827 869 910 929 deum
937 888 975 927 ex
1002 866 1092 927 corde
1112 880 1141 927 et
1158 869 1194 927 ab

210 962 273 1040 ipso
290 970 392 1039 petere
412 977 485 1036 quae
504 956 624 1017 deceta
643 955 698 1015 deo
717 956 811 1035 posci,
831 956 886 1033 ipsi
906 955 1013 1031 gratias
1022 974 1125 1031 agere,
1144 974 1196 1013 ve-

211 1066 271 1105 ram
290 1042 504 1124 poenitudinem
524 1061 629 1119 gerere
648 1042 870 1120 praeteritorum
890 1049 1046 1117 gestorum,
1066 1040 1195 1118 aliquan-

210 1131 298 1189 tulum
317 1130 413 1197 ctiam,
434 1128 458 1184 si
477 1127 613 1206 possibile
633 1136 692 1197 est,
721 1145 775 1203 per
799 1122 1014 1202 misericordias
1040 1120 1194 1203 pauperum

211 1216 310 1273 iuvare
329 1213 554 1292 poenitentiam
576 1230 629 1290 per
646 1210 720 1269 haec
740 1211 814 1268 enim
841 1210 955 1269 facilior
972 1210 1056 1267 vcuia
1083 1208 1197 1267 dabitur

213 1310 243 1358 et
260 1296 418 1375 indulgenti
438 1298 522 1355 citius
540 1296 746 1373 indulgebitur.

254 1382 310 1442 lt.
359 1380 441 1456 Quod
459 1384 482 1441 si
501 1382 688 1460 profectioris
707 1382 810 1439 aetatis
828 1382 866 1439 sit
883 1382 907 1438 is
926 1381 973 1458 qui
991 1379 1028 1437 ad
1045 1382 1196 1459 poeniten-

211 1471 279 1529 tiam
299 1470 386 1539 venit,
408 1488 443 1527 eu
463 1468 552 1545 inagis
564 1468 680 1545 ,gratias
699 1486 788 1543 agere
807 1464 896 1524 debet
913 1463 985 1536 deo,
1016 1464 1091 1543 quod
1117 1477 1197 1544 post-

213 1574 294 1634 quam
314 1554 422 1613 fractus
441 1564 486 1611 est
514 1554 604 1610 omnis
631 1554 752 1630 impetus
781 1552 1032 1629 concupiscentiae
1059 1552 1194 1623 carnalis,

213 1640 334 1699 scientia
348 1636 479 1698 veritatis
489 1648 620 1717 accepta,
641 1638 718 1702 nulla
736 1639 765 1695 ci
778 1637 906 1700 iuumiuet
914 1656 1011 1714 pugna
1020 1638 1195 1708 certaminis,

212 1742 367 1805 perquam
386 1724 569 1801 insurgentes
588 1721 737 1793 adversum
757 1724 878 1780 animam
900 1723 1039 1799 reprimat
1065 1722 1197 1799 corporis

201 1810 383 1887 uoluptates.
432 1808 572 1887 Superest
589 1826 660 1885 ergo
679 1810 709 1865 in
727 1809 874 1884 agnitione
891 1807 1021 1865 veritatis
1040 1818 1070 1865 et
1087 1808 1199 1865 miseri-

214 1894 331 1953 cordiae
352 1893 486 1972 operibos
505 1894 650 1964 exerceri,
672 1903 701 1969 ut
719 1892 833 1951 adferat
852 1894 960 1951 fructus
975 1890 1078 1969 dignos
1096 1894 1198 1971 poeni·

215 1978 346 2048 tentiae,
376 1996 430 2035 nec
449 1988 531 2055 putet
550 1978 615 2055 quia
633 1979 662 2034 iu
681 1979 818 2056 temporis
837 1975 1016 2053 longitudine
1044 1976 1198 2035 documen-

214 2074 272 2121 tnm
292 2062 489 2139 conversionis
508 2060 680 2132 ostenditur,
702 2072 731 2121 ct
749 2080 806 2119 non
825 2064 852 2119 in
872 2060 1034 2121 devotionis
1047 2082 1197 2142 acpropo-

215 2148 262 2207 siti
281 2147 425 2207 firmitate.
472 2144 536 2206 Deo
555 2147 630 2205 enim
649 2147 818 2207 manifestae
837 2158 901 2206 sunt
918 2158 1046 2220 mentes,
1075 2149 1195 2227 quinon

214 2245 373 2312 temporum
393 2233 533 2292 rationem
552 2232 664 2310 colligit
681 2231 734 2292 sed
752 2235 925 2305 animornm3
955 2235 1017 2312 ipse
1035 2236 1111 2292 enim
1130 2254 1198 2312 pro-

213 2315 273 2390 bat,
294 2319 318 2376 si
338 2319 399 2397 quis
418 2319 516 2396 agnita
543 2318 672 2376 veritatis
690 2317 909 2396 praedicatione
937 2338 992 2376 uon
1021 2317 1129 2376 distulit
1146 2338 1197 2379 ue-

215 2422 270 2481 que
289 2413 399 2480 tempus
418 2402 593 2480 negligendo
613 2404 778 2474 consumsit,
799 2403 851 2463 sed
868 2405 963 2463 statim
982 2415 1012 2462 et
1034 2405 1059 2462 si
1078 2402 1198 2483 dicipo-

214 2497 272 2548 test
291 2486 392 2549 eodem
410 2498 570 2559 momento,
598 2490 757 2567 praeterita
780 2489 1019 2567 perhorrescens,
1040 2491 1198 2548 futurorum

216 2570 387 2632 desiderium
407 2573 506 2651 coepit
524 2583 554 2630 et
571 2573 598 2630 in
617 2592 746 2632 amorem
763 2575 847 2650 regni
865 2575 1002 2633 coelestis
1021 2575 1140 2634 exarsit.

211 2651 214 2661 ‘
257 2655 313 2719 45.
359 2655 481 2734 Propter
499 2654 574 2734 quod
597 2676 681 2738 remp
708 2669 832 2716 restrum
859 2659 932 2717 ultra
960 2658 1118 2717 dissimulet
1142 2679 1198 2718 nec

215 2751 295 2800 retro
314 2742 464 2818 respiciat,
485 2740 537 2799 sed
554 2740 591 2799 ad
610 2745 790 2819 evangelium
808 2739 893 2820 regui
906 2742 954 2802 dei
972 2745 1096 2802 libenter
1112 2756 1199 2802 acce-

216 2823 274 2884 dat.
311 2820 388 2882 ‘Non
407 2823 483 2882 dicat
499 2845 619 2904 pauper,
641 2829 706 2904 quia
724 2847 786 2885 cnm
806 2825 886 2886 dives
904 2830 997 2886 factus
1016 2830 1109 2900 fuero,
1130 2840 1196 2888 tuuc

216 2919 385 2982 convertam
406 2928 462 2967 nou
481 2911 602 2988 requirit
620 2931 639 2969 a
655 2922 684 2969 te
708 2910 778 2971 deus
806 2915 970 2992 pecuniam,
999 2913 1052 2973 sed
1078 2915 1198 2972 animum

215 2991 432 3054 misericordem
452 3005 482 3054 et
500 2997 574 3074 piam
594 3007 729 3056 mentem.
777 2990 1198 3076 Nequedivesconversionem

216 3099 292 3138 suam
313 3078 426 3140 differat
443 3100 496 3158 pro
516 3081 709 3140 sollicitudine
728 3083 881 3156 saeculari,
903 3083 966 3142 dum
993 3085 1104 3161 cogitat
1129 3105 1199 3163 qoo-

216 3164 300 3222 modo
320 3163 467 3244 dispenset
485 3164 684 3238 abundantiam
704 3169 832 3245 frugum3
853 3188 947 3248 neque
966 3167 1045 3228 dicat
1062 3170 1137 3228 iutra
1153 3189 1200 3229 se·

216 3250 376 3326 metipsum,
393 3252 420 3322 1)
446 3249 511 3328 quid
530 3252 645 3322 faciani,
666 3252 714 3309 uhi
731 3252 886 3312 recondam
905 3255 1015 3312 fructus
1032 3259 1130 3314 meos?
1148 3275 1200 3314 ne-

217 3351 271 3410 que
291 3331 368 3395 dicat
385 3335 496 3393 animae
515 3355 597 3406 suae,
617 3335 706 3395 habes
725 3339 812 3397 multa
830 3339 906 3398 bona
924 3341 1054 3418 reposita
1072 3340 1199 3399 inaunos

215 3415 330 3490 multos,
351 3418 480 3494 epulare,
500 3420 626 3492 laetare3
648 3440 712 3478 uam
731 3420 844 3482 dicotur
862 3423 901 3496 ei,
922 3425 1019 3495 stulte,
1040 3425 1093 3483 luac
1111 3436 1198 3484 nocte

216 3500 365 3558 auferetur
382 3500 432 3557 abs
450 3512 480 3560 te
499 3505 592 3562 anima
611 3516 671 3576 tua,
691 3517 722 3564 et
736 3512 808 3585 quae
818 3511 998 3588 praeparasti
1008 3510 1087 3568 cuius
1098 3515 1199 3569 cruntf

216 3583 316 3662 ltaque
335 3584 454 3670 festinet
472 3585 507 3644 ad
525 3590 733 3665 poenitentiam
752 3595 842 3651 omnis
869 3605 968 3666 aetas„
991 3595 1082 3653 omnis
1100 3614 1197 3665 sexus,

217 3669 364 3747 omnisque
384 3669 523 3758 conditio,
544 3683 575 3732 ut
592 3676 678 3734 vitam
697 3689 890 3756 consequatur
913 3690 1071 3739 aeternam.
1118 3679 1201 3738 luve-

253 3853 277 3915 1)
294 3856 357 3904 Luc.
375 3859 416 3918 12,
436 3860 476 3906 ll.
497 3861 537 3906 te.
555 3861 596 3908 2⁰.
