2634 4400
623 221 684 280 titt

546 315 758 325 Ἢ

159 427 338 504 prolluerent
357 425 451 482 loutcs
471 435 500 482 et
518 418 641 484 llumina.
679 427 813 505 ,Propter
829 438 859 486 te
880 427 1042 507 producere
1066 433 1141 492 iusso

159 522 203 568 est
223 511 386 579 animantia,
409 519 438 566 et
456 511 549 567 orunia
565 529 636 588 quae
647 523 696 570 tuo
708 513 767 569 usui
778 514 971 592 voluntatique
986 518 1138 575 servirent.

159 595 292 653 Aut'non
312 605 478 672 propterte
497 597 574 654 ronti
602 596 726 673 spirant,
754 608 786 654 ut
813 615 849 655 ex
877 600 946 675 ipsis
974 602 1141 678 concipiens

159 682 270 738 lructos
289 679 337 736 tibi
359 691 436 737 terra
456 681 613 758 parturiat?
633 679 698 738 Non
718 693 874 760 propterte
885 683 990 742 imbros
1001 685 1142 762 prolluunt

159 775 190 823 et
209 777 338 842 tempora
356 763 569 823 vicissitudines
588 771 714 824 mutant?
733 765 798 824 Non
818 779 938 846 propter
964 780 993 826 te
1021 771 1063 827 sol
1083 772 1142 827 ori-

160 861 254 906 toret
282 848 390 906 occidit
417 860 446 906 et
472 852 644 909 mutationes
672 853 738 910 lona
764 853 943 930 perpetitur?
973 853 1094 931 Propter
1112 865 1141 913 te

159 953 238 991 marc
259 933 376 992 cullibet
394 935 554 992 famulatum
575 955 671 1005 suum,
700 948 731 996 ut
749 936 800 994 tibi
820 939 933 1013 ingrato
951 950 1057 995 cuncta
1076 939 1141 996 snb-

159 1022 285 1076 iareaot.
332 1015 436 1076 Nonne
452 1037 504 1096 pro
524 1021 567 1077 his
587 1021 715 1078 omnibus
734 1022 807 1079 iusta
827 1024 883 1079 erit
901 1023 1016 1081 ultioriis
1036 1043 1139 1101 poena,

159 1105 225 1182 (piria
245 1103 342 1161 horum
366 1103 488 1161 omnium
507 1105 685 1182 largitorem,
706 1125 788 1183 quem
807 1117 873 1164 ante
893 1109 986 1166 omnia
1006 1118 1035 1165 et
1049 1129 1143 1184 agno-

158 1207 243 1246 scere
264 1197 293 1246 et
310 1189 442 1245 venerari
463 1187 610 1259 debuistis,
632 1191 722 1248 solum
742 1210 811 1268 prae
831 1193 955 1249 caeteris
969 1193 1142 1269 ignorastis?

201 1271 234 1330 8.
283 1269 341 1330 Sed
361 1283 391 1329 et
409 1291 482 1330 rrunc
502 1273 610 1332 eisdem
628 1295 680 1332 vos
698 1272 734 1333 ad
753 1275 969 1352 intelligentiam
984 1277 1036 1335 viis
1048 1275 1140 1343 duco.7

155 1357 264 1415 videtis
284 1358 388 1416 etenim
409 1355 483 1434 quod
503 1359 597 1414 omnia
616 1360 773 1435 gignuntur
791 1377 827 1416 cn
846 1362 942 1436 aquis,
971 1380 1043 1438 aqua
1071 1381 1141 1419 vero
1168 1386 1171 1392 ·

159 1458 213 1520 per
230 1442 405 1518 unigenitum
426 1460 462 1499 ex
481 1443 562 1498 initio
582 1441 659 1500 lacta
678 1454 734 1512 cst,
763 1444 903 1518 unigeniti
921 1461 992 1501 vero
1011 1446 1141 1522 omnipo-

159 1535 224 1585 tens
243 1523 313 1584 deus
333 1537 417 1602 caput
436 1538 491 1597 est,
512 1545 565 1603 per
584 1545 666 1603 quem
684 1528 735 1584 tali
755 1526 868 1598 ordine,
890 1547 945 1605 quo
965 1547 1050 1605 supra
1069 1527 1142 1586 dixi-

159 1630 232 1682 mus,
252 1613 420 1689 pervenitur
438 1607 473 1668 ad
492 1621 619 1688 patrem;
650 1631 712 1670 cum
731 1621 825 1669 autem
843 1613 1011 1689 perveneris
1038 1612 1073 1670 ad
1093 1633 1142 1689 pa-

161 1709 244 1766 trem,
265 1695 498 1771 agnosces'lranc
525 1714 591 1754 esse
619 1697 791 1754 voluntatem
820 1697 892 1767 eius,
921 1706 951 1754 ut
977 1713 1030 1774 per
1055 1714 1143 1774 aquas
1193 1700 1204 1790 p

161 1799 234 1860 quae
252 1781 359 1860 primae
379 1791 495 1838 creatae
514 1790 589 1851 sunt,
610 1779 704 1838 denuo
722 1783 896 1839 renascaris.
931 1779 985 1852 Qui
1003 1782 1077 1839 enim
1095 1800 1142 1840 re-

160 1875 317 1943 generatus
337 1866 423 1922 luerit
442 1883 495 1944 per
512 1883 625 1942 aquam,
646 1865 729 1926 bools
749 1865 884 1943 operibus
902 1863 1062 1944 adimpletis
1073 1865 1141 1924 hae-

160 1971 209 2011 res
228 1949 353 2009 eflicitur
371 1951 432 2010 eius
450 1969 467 2008 a
486 1971 541 2029 quo
569 1953 596 2008 in
624 1951 840 2029 incorruptione
868 1962 1057 2025 regeneratur
1084 1962 1139 2009 cst.

160 2031 284 2114 Propter
301 2033 377 2112 quod
396 2036 501 2114 paratis
520 2035 619 2099 animis
638 2036 771 2096 accedite
790 2036 868 2112 quasi
889 2035 938 2092 lilii
956 2034 992 2092 ad
1021 2045 1141 2112 patrem,

159 2131 191 2180 ut
209 2130 332 2199 peccata
349 2131 444 2178 vestra
463 2117 605 2178 diluantur
622 2130 652 2178 et
670 2139 771 2178 caussa
790 2137 887 2177 eorum
907 2119 966 2176 solu
982 2119 1143 2195 ignorantia

160 2207 250 2265 luisse
268 2206 406 2285 probetur
423 2205 496 2283 apud
516 2204 610 2263 doum.
658 2201 731 2264 Nam
749 2203 774 2261 si
796 2214 862 2281 post
888 2198 1062 2280 agnitionem
1091 2204 1143 2260 to-

160 2306 222 2350 ruur
241 2292 415 2370 permanetis
434 2291 462 2347 in
481 2286 694 2359 incredulitate,
715 2285 796 2346 vohis
823 2289 877 2343 iam
905 2284 1075 2364 perditionis
1093 2298 1143 2343 v‘e-

161 2386 239 2435 strae
259 2396 359 2435 emissa
387 2384 415 2433 et
442 2394 498 2432 non
525 2375 708 2450 ignorantiae
734 2370 921 2450 reputabitur.
968 2369 1032 2429 Nec
1059 2382 1143 2447 putus
1179 2400 1196 2446 :¹

162 2460 237 2541 quod
257 2462 366 2519 etiamsi
391 2474 501 2517 omnem
529 2460 665 2537 pictatem
694 2457 774 2515 culus
800 2471 968 2533 ornnemque
996 2454 1141 2524 iustitiam,
1178 2459 1185 2531 l

160 2547 327 2625 baptismum
341 2559 411 2603 vero
423 2563 478 2601 non
497 2544 634 2622 accipias,
655 2562 734 2620 spem
744 2542 836 2619 possis
846 2538 954 2599 habere
964 2539 1036 2617 apud
1048 2538 1141 2611 deum,
1176 2588 1180 2604 ,

161 2634 218 2689 imo
237 2634 330 2711 potius
349 2631 457 2688 maiore
477 2646 571 2708 poena
590 2626 692 2705 dignus
711 2628 767 2686 erit
795 2627 840 2703 qui
867 2625 942 2683 bona
969 2635 1058 2702 opera
1087 2631 1142 2680 non

162 2716 237 2775 hcne
265 2724 428 2795 operatur„
447 2712 596 2771 confertur
622 2714 697 2777 euim
725 2712 854 2770 meritum
883 2708 988 2774 horuiui
1007 2718 1043 2768 cx
1062 2706 1144 2792 bonis

163 2803 264 2878 gestis,
285 2800 337 2860 sod
356 2801 379 2858 si
398 2800 437 2857 ita
456 2808 595 2877 gerantur
612 2800 687 2859 sicut
713 2796 783 2856 deus
809 2794 899 2856 iubet.
946 2791 1025 2853 Dens
1050 2802 1143 2851 antem
1176 2788 1184 2859 l

162 2887 245 2945 iussit
263 2902 373 2943 onmem
393 2884 535 2942 colentem
554 2902 585 2941 se
605 2882 743 2961 baptismo
763 2880 939 2956 conslgnari,
969 2876 1045 2963 qnod
1072 2877 1095 2934 si
1114 2887 1143 2933 tu

162 2970 297 3027 reniteris
316 2980 346 3026 et
363 2981 428 3027 tuae
446 2965 584 3026 voluntati
603 2968 693 3043 magis
712 2986 793 3045 quam
813 2962 859 3021 dcl
869 2962 1062 3040 obtemperas,
1076 2974 1144 3022 cori·-

162 3053 267 3111 trarius
286 3054 348 3110 sine
368 3052 452 3110 dubio
472 3062 501 3110 et
519 3050 648 3115 inimicus
668 3070 700 3108 es
716 3049 853 3107 voluntati
873 3048 944 3105 eius.

204 3134 242 3195 ll·
288 3134 346 3195 Sed
366 3135 446 3194 dices
464 3136 604 3193 tortassez
640 3132 713 3207 Quid
742 3132 856 3190 confert
882 3147 973 3209 aquae
992 3126 1144 3206 baptismus

164 3221 199 3281 ad
219 3221 264 3279 dei
285 3222 408 3281 cultum?
432 3220 525 3279 Primo
554 3219 678 3299 quidem,
709 3219 774 3296 quia
801 3214 877 3295 quod
895 3212 950 3271 deo
969 3213 1074 3290 placuit
1092 3211 1143 3269 iru'-

165 3306 273 3386 pletur,
299 3305 437 3376 secundo,
458 3306 524 3384 qula
542 3314 717 3381 regenerato
746 3322 782 3359 ex
808 3299 887 3378 aquis
907 3310 938 3356 et
954 3296 1009 3356 deo
1028 3308 1141 3365 renato,

165 3392 306 3469 fragilitas
333 3392 443 3469 prioris,
465 3390 636 3458 nativitatis,
666 3404 739 3467 quae
766 3386 816 3443 tibi
838 3388 891 3463 per
908 3382 1048 3441 hominem
1068 3384 1145 3439 lacta

165 3486 219 3547 est,
241 3488 410 3554 arnputatur,
433 3476 519 3532 etita
539 3474 649 3533 demum
669 3471 821 3551 pervenire
840 3466 995 3547 poterisad
1010 3468 1142 3535 salutem,

165 3562 250 3619 aliter
268 3580 335 3619 roro
365 3558 538 3638 impossibile
567 3569 620 3617 est.
669 3556 718 3616 Sic
747 3556 821 3614 enim
848 3552 930 3612 nobis
957 3571 1019 3609 cum
1047 3568 1145 3616 sacra·

164 3657 260 3704 memo
287 3663 371 3703 verus
398 3645 537 3725 propheta
564 3650 684 3703 testatus
703 3651 758 3713 est,
780 3638 895 3706 diceus:
929 3635 1059 3708 ¹)Amon
1079 3633 1144 3693 dieo

204 3832 227 3891 ¹)
247 3832 296 3878 ron.
316 3834 339 3893 a,
360 3837 382 3879 5.
664 3843 679 3877 ι
