2634 4400
534 233 614 310 'tm

107 479 187 532 enm,
216 475 253 518 ex
279 453 378 537 quibus
400 457 549 536 aliquantis
557 454 677 514 divorsis
695 455 879 534 languoribus
896 457 1095 520 adstricti'aut

108 543 296 606 daemonibus
314 544 462 613 incursati,
484 542 615 600 oratioue
634 541 714 600 Petri
731 541 905 601 sanabantur
919 543 1098 605 etdiscodm

108 631 179 694 bant
198 628 368 708 gaudentes,
389 628 468 706 quasi
486 628 548 685 veri
567 625 613 685 dei
633 625 803 696 doctrinam,
823 628 903 687 dmul
931 639 962 688 et
981 633 1096 689 miseri·

110 715 240 774 cordiam
263 713 443 790 consequuti.
491 711 559 769 Cum
587 730 660 788 crgo
687 710 897 771 abscessissent
921 713 1035 786 turbae,
1064 727 1096 774 et

110 801 166 859 soli
185 799 342 858 familiares
361 798 423 856 cius
441 797 675 856 remansissemus
693 814 756 854 cum
767 816 815 866 eo,
835 798 1096 858 stratlsbnmired·

111 885 180 944 ditis
207 882 390 942 'adcubuimns
408 882 520 940 solitum
543 882 735 960 unusquisque
753 899 969 959 recognoscens
988 884 1093 956 locum,

111 980 261 1046 sumtoque
281 967 346 1025 cibo
365 985 427 1025 cum
447 968 555 1044 gratias
574 967 734 1043 egissemus
752 965 820 1037 deo,
840 969 1008 1045 quievimus.
1095 997 1098 1002 ·

153 1054 211 1112 bl.
259 1052 397 1130 Sequenti
416 1070 485 1110 vero
505 1050 551 1109 die
570 1049 671 1110 Petrus
690 1069 728 1109 ex
744 1071 824 1110 more
838 1063 906 1111 aute
926 1053 1016 1112 lucern
1033 1073 1097 1113 sur·

114 1159 199 1216 gens,
228 1139 283 1196 iam
302 1157 354 1195 uos
372 1137 481 1195 invenit
497 1136 649 1213 vigilantes
668 1145 698 1194 ct
724 1147 840 1214 paratos
858 1136 895 1194 ad
912 1137 1095 1210 audiendum,

113 1235 200 1301 atque
227 1223 267 1280 ita
294 1240 414 1280 exorsus
441 1231 500 1280 est:
530 1220 683 1298 Deprecor
707 1239 759 1278 vos
786 1221 891 1280 fratres
915 1233 946 1281 et
964 1225 1097 1283 conservi

113 1309 182 1378 mei,
204 1317 234 1366 nt
252 1307 276 1364 si
296 1307 358 1384 quis
376 1306 452 1371 lortc
470 1315 596 1364 vestrum
615 1325 671 1362 nou
691 1315 789 1382 potest
804 1307 938 1383 vigilare,
966 1309 1097 1367 nonsibi

14 1469 15 1478 ἵ
115 1403 288 1470 extorqueat
306 1389 482 1450 crubescens
499 1389 691 1468 praesentiam
710 1406 812 1461 meam,
833 1391 1034 1469 quiadilbcilis
1052 1403 1100 1452 est

115 1477 210 1538 subita
228 1476 411 1556 permutatio,
432 1475 519 1552 longo
537 1485 632 1532 autem
650 1485 781 1552 tempore
799 1475 823 1532 si
833 1476 977 1551 paullatim
994 1476 1100 1536 adsue·

95 1563 178 1631 ‘fian
199 1561 280 1620 labor
298 1580 354 1618 non
374 1561 429 1618 erit
448 1557 523 1638 quoti
541 1579 578 1618 ex
596 1578 647 1617 usu
668 1559 759 1618 veuit.
805 1558 870 1616 Nou
898 1561 973 1619 enim
990 1555 1099 1620 'omues
1164 1554 1173 1572 “

80 1653 81 1660 ’
117 1645 245 1707 eiusdem
263 1645 450 1704 institutionis
467 1645 580 1714 luimus,
600 1645 817 1722 ltcetprocessu
831 1647 1100 1721 temporisiuunam
1167 1641 1176 1676 '⁸

116 1733 273 1808 temperari
292 1727 526 1788 consuetudinem
552 1730 725 1807 poterimus3
754 1729 834 1787 aiunt
851 1729 938 1800 euim,
959 1728 1034 1808 qnod
1052 1749 1100 1790 se-

117 1815 239 1876 cundnm
259 1825 375 1873 naturae
395 1814 488 1871 locum
507 1811 835 1872 obtineutcousuetudo.
881 1814 995 1874 Testem
1005 1827 1100 1875 autem

119 1901 203 1960 deum
220 1901 336 1969 invoco,
358 1896 433 1977 quod
451 1908 508 1956 uon
526 1897 671 1976 indignor,
691 1898 796 1976 siquis
818 1899 895 1959 forte
922 1921 978 1958 non
1004 1911 1102 1981 potest

117 1985 253 2063 vigilare,
274 1982 326 2043 sed
345 1984 398 2042 boc
418 1985 520 2061 magis,
540 1984 565 2042 si
582 2001 645 2042 cnm
664 1993 752 2042 totam
771 1984 1100 2061 quisuuctemdormiut‚

119 2091 173 2151 pcr
191 2066 266 2128 diem
285 2089 341 2126 non
360 2068 455 2147 replet
472 2067 501 2128 id
520 2065 594 2146 quod
614 2069 710 2127 omisit
726 2069 755 2125 in
769 2079 868 2127 nocte,
898 2069 1101 2130 Necessarium

119 2173 240 2233 namque
260 2163 305 2215 est
323 2151 471 2213 doctrinae
491 2151 591 2213 studiis
610 2154 720 2213 intente
739 2163 768 2212 ct
777 2152 974 2214 indesinenter
984 2173 1102 2234 oporam

120 2239 204 2311 dare,
232 2251 264 2299 ut
282 2243 368 2297 -mens
396 2249 494 2297 nostra
520 2238 568 2297 dci
595 2239 683 2296 solius
701 2239 838 2295 memoria
855 2240 1017 2315 repleatur,
1037 2243 1103 2318 quia

120 2336 245 2384 mentem
264 2342 344 2403 quam
363 2323 519 2403 repleverit
536 2323 676 2380 memoria
693 2320 757 2392 dei,
777 2322 902 2399 maligno
927 2324 957 2381 in
983 2342 1020 2381 cc
1045 2344 1102 2382 nou

121 2410 348 2485 dubitur-locus,
429 2440 431 2447 v
764 2408 768 2411 ’
958 2432 961 2439 ·

164 2496 222 2554 59.
270 2494 339 2552 Cum
359 2495 430 2553 baec
449 2491 562 2552 diceret
579 2490 616 2551 ad
638 2512 690 2550 nos
709 2491 821 2563 Petrus,
842 2494 1032 2572 uuusquisque
1051 2513 1103 2552 uo·

14 2622 16 2637 ,
122 2592 210 2639 strum
229 2579 352 2639 sollicite
370 2579 566 2637 satisfaciebat
584 2579 622 2648 ei,
643 2576 719 2656 quod
737 2578 803 2635 olim
824 2577 905 2636 brevi
931 2598 1031 2637 somno
1058 2598 1105 2637 sa·

122 2666 185 2725 tiati
204 2664 396 2741 vigilaremus,
417 2662 468 2722 sed
485 2682 653 2722 vereremur
671 2664 799 2721 excitare
818 2661 894 2733 eum,
914 2662 1105 2742 quianecdo-

124 2760 208 2808 carot
226 2748 380 2827 discipulos
398 2750 535 2827 magistro
550 2750 709 2827 imperare,
730 2746 805 2826 quod
824 2756 1003 2826 tameopeue
1023 2747 1106 2807 oPc·

124 2847 182 2905 tre,
204 2834 265 2891 ausi
284 2835 427 2893 ineramus
444 2852 641 2912 praesumere,
662 2830 725 2891 dum
745 2835 1106 2892 cornostrumulmiovcr-
1139 2879 1142 2888 .

124 2920 225 2977 borum
237 2928 355 2976 ‘tuorum
374 2916 520 2977 desiderio
539 2916 709 2996 tripudians,
730 2937 857 2975 somnum
884 2919 997 2995 penitus
1024 2920 1107 2995 fuga·

125 3014 172 3063 ret
189 3003 225 3061 ab
245 3002 346 3060 oculis.
394 3001 453 3061 Sed
471 3002 573 3060 iterum
592 3002 712 3061 affectus
730 3020 800 3077 erga
819 3011 848 3059 te
867 3013 967 3060 noster
983 3003 1105 3071 obstitit,

126 3099 157 3147 et
182 3088 328 3145 violenter
353 3096 382 3143 te
410 3085 536 3143 anobis
563 3105 620 3142 non
644 3086 708 3142 tulit
724 3086 863 3142 excitari..
903 3085 972 3143 Tum
992 3084 1105 3143 Petrus:
1210 3110 1214 3121 ¹

127 3172 266 3246 Quoniam
286 3169 374 3245 igitur
391 3167 536 3239 audiendi,
556 3169 658 3246 inquit,
679 3166 826 3226 desiderio
844 3166 968 3226 libenter
984 3189 1036 3227 vos
1058 3168 1108 3226 ad·
1194 3183 1214 3243 st

127 3257 225 3315 seritis
242 3252 375 3331 vigilare,
394 3254 461 3313 volo
479 3252 560 3311 vobis
579 3270 614 3311 ea
631 3262 737 3309 tantum
765 3270 838 3331 quae
865 3252 1002 3311 besterno
1029 3272 1110 3331 spar-

128 3342 180 3400 sim
200 3338 370 3409 dictasunt,
391 3348 528 3415 repetere
547 3336 712 3415 diligentins
731 3348 841 3396 etcum
868 3358 919 3395 suo
938 3336 1039 3396 ordine
1058 3353 1110 3397 cx·

129 3426 251 3504 plicare.
299 3422 382 3495 Quod
400 3434 501 3501 etper
518 3423 643 3499 singulas
662 3440 788 3500 quasque
807 3420 1013 3500 disputationes
1031 3422 1110 3482 diur-

127 3529 181 3567 nas
209 3510 309 3566 lacere
335 3507 469 3586 dispono,
496 3518 527 3565 ut
551 3526 605 3585 pcr
630 3516 745 3565 noctem
772 3506 820 3564 nbi
837 3518 981 3567 secretum
1004 3508 1062 3566 loci
1080 3519 1110 3566 et

131 3593 267 3670 temporis
295 3592 389 3663 dntur,
414 3593 437 3651 si
466 3591 532 3670 quid
558 3592 635 3651 lorte
661 3602 761 3669 utpote
787 3593 817 3648 in
836 3593 993 3651 certamine
1018 3594 1110 3650 minus

130 3678 216 3757 plene
235 3675 339 3735 dictum
359 3688 414 3747 ost,
435 3675 463 3734 id
481 3678 596 3753 integro
615 3673 717 3736 ordine
734 3686 766 3734 et
782 3676 858 3734 linea
884 3676 995 3734 directa
1012 3678 1112 3754 expla-

132 3762 256 3819 nationis
283 3762 423 3837 aperiarnt
468 3761 505 3819 Et
531 3772 595 3839 post
621 3753 694 3819 baec
722 3761 820 3837 eoepit
841 3760 924 3819 nobis
942 3760 1109 3831 ostendere,

132 3843 275 3927 quomodo
302 3845 439 3927 hesterno
467 3845 567 3905 baberi
592 3844 736 3927 debuerit⁴
751 3843 917 3924 disputatio,
945 3855 976 3903 et
993 3855 1112 3923 propter
