2634 4400
663 274 733 341 244

591 376 805 386 *ψ’-.-

206 486 307 561 solum,
329 488 439 547 etiamsi
459 490 487 546 in
514 486 577 547 aliis
602 484 769 569 probabiles
795 482 976 557 uiderentur,
1005 488 1189 565 gravissimae

207 594 258 635 eos
276 584 373 653 potest
391 574 543 653 impietatis
561 592 688 653 arguere
708 585 737 632 et
754 574 879 652 propriis
902 571 1095 633 condemnare
1122 594 1189 634 sen·

205 661 314 731 tentiis,
336 661 382 739 qni
402 678 485 718 unum
505 658 618 739 quidem
628 678 694 719 esse
706 660 896 737 pronunciant
905 654 1000 730 deum,
1020 659 1188 739 proadsen·

204 747 313 804 tatione
341 756 435 804 tanuen
463 746 572 805 entonis
600 744 713 803 humani
739 745 836 824 piures
868 743 1004 802 mandent
1036 745 1185 805 coiendos.

203 830 293 889 Aiunt
311 842 405 890 autem
424 841 453 889 et
471 830 539 889 iliud
557 830 730 909 philosophi,
752 828 834 888 deum
853 848 909 887 non
928 830 1026 901 irasci,
1055 832 1189 889 nescien-

143 968 147 975 .
205 928 248 975 tes
268 915 334 996 quid
354 915 460 975 dicant.
507 916 554 974 lna
573 918 647 974 enim
666 916 739 973 maia
768 925 823 985 est,
852 914 900 972 ubi
928 925 1052 973 mentem
1078 916 1184 988 turbat,

204 1013 235 1060 ut
252 1011 362 1060 nectum
382 1002 529 1060 consilium
548 1000 666 1081 pendat3
688 1001 735 1058 itta
747 1001 1100 1079 venoqnaemaiospnnit,
1120 1021 1187 1081 per·

203 1085 393 1147 turbationem
412 1088 500 1145 menti
518 1106 574 1143 non
593 1086 693 1156 inient,
713 1083 765 1143 sed
775 1104 845 1143 unns
856 1095 886 1143 ut
894 1088 935 1144 ita
945 1084 1078 1157 dixerim,
1098 1086 1188 1145 idem·

204 1191 259 1250 que
278 1170 397 1229 effoetus
416 1182 471 1241 est,
493 1172 539 1249 qui
558 1182 587 1228 et
605 1169 687 1229 bonis
705 1171 832 1249 praemia
846 1179 877 1228 et
885 1172 966 1229 maiis
976 1171 1108 1230 retribuit
1116 1191 1188 1252 poe-

204 1276 284 1328 nanu
306 1276 369 1314 uam
388 1258 411 1314 si
430 1256 512 1314 bonis
532 1267 561 1313 ct
579 1256 659 1314 maiis
678 1256 754 1313 bona
780 1256 915 1315 restituat
943 1266 974 1313 et
990 1256 1074 1313 simiii
1093 1274 1186 1314 rentu-

203 1343 353 1400 nenatione
374 1360 444 1419 cnga
463 1344 526 1421 pios
544 1352 641 1399 utatur
659 1352 689 1399 et
717 1341 834 1418 impios,
856 1342 974 1399 iniustus
993 1343 1085 1418 potius
1105 1360 1187 1420 quam

203 1426 294 1485 bonus
312 1426 466 1485 videtum.

246 1510 302 1570 49.
349 1510 409 1574 Sed
428 1515 486 1571 ais:
508 1532 561 1571 nec
582 1510 651 1571 deus
671 1510 768 1570 debuit
786 1512 886 1569 iacere
913 1514 1025 1571 mainan
1080 1510 1187 1571 Vctunt

205 1595 292 1679 dicis3
313 1616 406 1676 neque
425 1598 506 1657 iacit.
555 1594 614 1656 Sed
634 1598 682 1676 qui
700 1596 734 1655 ab
754 1616 790 1655 eo
810 1599 901 1656 creati
921 1608 1001 1668 sunt,
1031 1595 1095 1655 dunt
1114 1597 1187 1656 iudi·

204 1682 311 1741 candos
329 1702 361 1742 sc
380 1702 445 1742 esse
465 1704 520 1741 non
541 1680 672 1753 eredunt,
702 1681 885 1759 indulgentes
908 1682 1102 1761 voluptatibus
1129 1685 1188 1741 suis

202 1788 219 1826 a
236 1769 344 1847 pietate
364 1778 393 1827 et
411 1770 517 1827 iustitia
535 1767 662 1829 devoluti
681 1778 756 1825 sunt.
783 1766 843 1825 Sed
861 1766 958 1826 dices:
978 1768 1004 1825 si
1021 1768 1123 1825 iustum
1143 1780 1188 1826 est

202 1853 304 1931 punine
323 1853 424 1925 maios,
445 1856 539 1913 statim
558 1865 589 1912 ut
606 1853 680 1911 male
699 1863 787 1931 agunt
804 1854 898 1932 puniri
918 1851 1035 1912 debent.
1064 1852 1106 1911 Τιι
1126 1854 1187 1931 qui·

205 1936 267 1995 dem
287 1936 361 1997 bene
380 1940 516 2011 festinas3
537 1937 589 1997 sed
608 1939 655 1997 iiie
676 1939 722 2015 qui
740 1947 875 1996 aeternus
904 1949 948 1996 est
967 1948 996 1997 et
1015 1956 1099 2017 quem
1117 1938 1185 1996 nihii

203 2024 286 2094 latet,
308 2016 413 2101 quanto
433 2024 523 2081 nulius
543 2026 570 2081 ci
590 2023 665 2092 bnis,
695 2032 774 2079 tanto
793 2033 823 2081 et
840 2023 953 2101 proiiua
970 2024 1108 2102 patientia
1127 2034 1184 2094 est,

204 2117 233 2165 et
252 2126 307 2165 non
327 2106 363 2165 ad
381 2108 564 2167 velocitatem
583 2106 740 2177 vindictae,
761 2106 812 2166 scd
823 2107 858 2166 ad
869 2108 966 2166 saiutis
976 2107 1094 2186 respicit
1104 2126 1186 2165 eaus-

203 2214 265 2266 sas3
287 2190 449 2252 delectatne
467 2195 542 2252 cuim
561 2204 686 2253 nontam
697 2205 801 2263 morte,
823 2213 904 2271 quam
916 2194 1186 2272 conversionepec·

203 2281 305 2338 cantis.
353 2276 422 2338 ideo
443 2277 566 2358 denique
586 2290 616 2338 et
634 2289 761 2337 sanctum
779 2279 918 2356 baptisma
938 2279 1056 2356 largitus
1076 2289 1120 2338 est
1134 2278 1186 2337 ho-

201 2363 333 2434 minibus,
354 2363 388 2422 ad
409 2363 525 2444 quod
503 2385 526 2422 st
546 2366 607 2443 quis
625 2367 725 2423 venire
744 2364 873 2434 festinet,
894 2361 978 2422 etde
997 2364 1108 2442 reliquo
1126 2382 1186 2422 ma-

201 2459 269 2508 neat
288 2447 465 2521 emendatus,
487 2445 618 2508 delentur
637 2469 673 2508 ex
693 2469 728 2508 eo
749 2449 841 2507 omnia
868 2459 1004 2549 peccata,
1035 2468 1107 2528 quae
1134 2468 1187 2529 per

201 2531 391 2612 ignorantiam
411 2537 561 2594 commissa
580 2546 654 2594 sunt

242 2617 299 2677 50.
346 2616 419 2678 Nam
438 2621 598 2699 philosophi
618 2619 685 2699 quid
704 2619 887 2678 contulerunt
909 2622 984 2678 uitae
1011 2616 1183 2693 mortalium,

202 2701 325 2764 dicendo
349 2705 507 2764 hominihus
536 2724 590 2764 non
616 2707 703 2764 irasci
726 2704 831 2764 deum?
857 2723 960 2783 nempe
987 2715 1018 2763 ut
1044 2705 1186 2764 docerent

202 2808 252 2847 eos
271 2789 374 2847 nulium
393 2789 502 2848 habene
519 2787 664 2849 vindictae
684 2791 802 2848 alicuius
821 2790 866 2848 vei
885 2789 983 2849 iudicii
1008 2801 1125 2862 metum,
1156 2802 1186 2850 et

201 2891 255 2952 pen
282 2872 337 2931 hoe
364 2884 425 2932 tota
452 2875 638 2954 peccantibus
667 2876 749 2934 irena
777 2875 918 2934 laxarent.
964 2873 1023 2934 Aut
1050 2870 1119 2955 quid
1144 2877 1185 2934 iiii

200 2959 350 3018 humanum
369 2978 460 3038 genus
478 2962 620 3031 inverunt,
642 2962 689 3040 qui
708 2959 842 3019 dixerunt
859 2979 915 3017 non
935 2976 998 3019 esse
1018 2959 1112 3031 ileum,
1133 2959 1185 3020 sed

114 3078 117 3083 ‹
200 3063 268 3104 casn
287 3046 381 3104 omnia
400 3057 432 3104 et.
447 3046 566 3104 fortuito
586 3047 653 3124 agi?
671 3064 766 3105 nonne
785 3055 816 3102 ut
833 3045 905 3104 haec
924 3042 1074 3104 audientes
1093 3045 1185 3103 homi-

199 3149 252 3189 nes
270 3141 300 3189 et
317 3131 489 3190 arbitrantes
509 3131 612 3190 nullum
632 3151 697 3190 esse
716 3129 852 3202 iudicem,
878 3130 981 3188 nulium
1006 3131 1184 3207 provisorem

199 3231 306 3286 uerum,
327 3215 363 3288 ad
382 3235 465 3274 omne
484 3217 605 3289 facinus,
627 3213 703 3296 quod
721 3214 766 3275 vei
785 3215 866 3273 innon
884 3215 929 3273 vei
948 3216 1068 3274 avaritia
1086 3215 1131 3273 vei
1150 3216 1184 3274 ii-

199 3299 268 3357 bido
295 3299 453 3373 dictasset,
483 3303 624 3360 neminem
652 3298 779 3360 tenendo
806 3300 981 3379 praecipites
1008 3305 1185 3377 agerentur?

199 3383 271 3441 Nam
291 3385 332 3442 iili
350 3344 465 3444 muituin
484 3404 586 3445 nenena
607 3387 739 3444 iuverunt
756 3385 915 3446 mortalium
933 3386 1036 3457 vitam,
1066 3387 1113 3470 qui
1141 3384 1186 3444 di·

198 3478 303 3526 xctunt
321 3467 389 3526 nihii
409 3489 494 3548 posse
514 3473 577 3529 sine
596 3471 696 3570 genesi
716 3470 791 3542 beni,
812 3469 925 3528 seiiicet
942 3479 973 3527 ut
991 3471 1183 3570 unusquisque

198 3552 313 3631 peceati
331 3553 374 3611 sui
393 3572 522 3612 caussam
541 3556 643 3655 genesi
662 3552 841 3626 adscribens,
862 3556 1044 3634 semetipsum
1071 3557 1100 3612 in
1119 3573 1184 3614 see-

93 3643 101 3659 '
198 3637 382 3700 denibussuis
400 3641 631 3717 pronunciaret'
623 3642 779 3711 innoxium,
809 3640 873 3698 dum
902 3639 1009 3698 cmmcn
1029 3659 1109 3698 suum
1127 3656 1184 3698 aon

199 3723 376 3798 poenitendo
395 3722 492 3796 diluit,
514 3723 565 3783 sed
585 3726 674 3784 iatum
699 3723 840 3803 culpando
869 3725 1063 3818 congeminat.
1110 3723 1184 3783 Nam
1285 3763 1292 3776 ·

198 3803 234 3863 de
252 3805 308 3864 iliis
327 3806 393 3885 quid
412 3767 503 3868 dicarit
521 3809 710 3888 philosophis,
731 3810 778 3888 qui
797 3808 868 3868 deos
886 3805 1050 3868 colendos
1049 3827 1112 3868 esse
1140 3811 1184 3866 in-

198 3887 398 3963 troduxerunt,
420 3903 450 3952 ct
466 3895 539 3952 tales
555 3893 637 3966 deos,
658 3892 863 3972 qualespauiio
874 3904 940 3952 ante
951 3892 1091 3954 audistis?
1109 3890 1184 3967 Quid
