2634 4400
595 270 658 330 171

518 362 732 375 m

131 488 189 535 tem
209 486 239 535 et
257 484 309 535 nos
329 474 378 533 iiiii
396 475 450 546 sui,
471 472 576 533 Niceta
595 486 626 535 et
641 473 746 554 Aquila
762 485 795 535 et
811 492 870 553 ego
888 475 1032 536 Clemens.
1077 477 1116 537 tta
1186 504 1190 511 ·

129 560 286 641 posthaec
305 560 387 619 simul
405 578 468 617 cum
487 578 523 619 ea
542 558 716 638 prandimus,
737 571 768 620 et
793 561 875 621 simui
894 562 1115 638 glorificavimus

131 645 228 718 deum,
248 647 412 705 referentes
430 645 539 723 gratias
557 644 658 705 studiis
677 656 708 704 et
725 643 977 717 doctrinaePetri‚
997 647 1045 726 qui
1063 666 1115 705 no·

128 730 174 789 his
194 730 321 789 ostendit
339 748 392 809 per
410 730 594 789 occasionem
612 732 723 802 matris,
744 727 1116 810 quomodopudieitiaeho·

129 834 196 874 num
216 822 273 875 nou
292 823 395 893 pereat
412 812 487 893 apud
505 814 600 887 deum,
622 816 697 875 sicut
714 835 731 876 e
750 816 896 875 contrario
924 815 1113 895 impudicitia,

129 902 233 979 inquit,
254 902 340 959 etiam
358 900 383 959 si
401 916 458 958 non
476 901 581 971 statim,
602 910 697 959 tannen
725 902 795 961 iicet
821 900 903 960 tarde
929 921 988 959 nou
1014 902 1116 978 cffugit

128 1004 264 1065 poenam.
311 985 343 1043 lu
361 984 731 1063 tantumautempudicitia‚
752 986 854 1065 iuquit,
874 984 1112 1065 deoplacitacet‚

129 1082 162 1131 nt
179 1072 265 1131 etiam
292 1069 336 1129 his
363 1070 410 1148 qni
436 1069 464 1128 in
484 1085 585 1129 errore
604 1080 670 1129 sunt
687 1071 790 1149 positi,
810 1071 937 1144 nonnihil
955 1072 1067 1149 gratiae
1084 1072 1114 1132 in

129 1156 278 1235 praesenti
297 1156 430 1216 conferat
446 1156 516 1215 vita.
554 1154 635 1214 Nam
654 1156 749 1215 iotuna
766 1154 915 1216 beatitudo
942 1156 998 1215 iliis
1024 1157 1114 1215 solum

129 1242 261 1319 reposita
271 1249 334 1311 est,
356 1240 402 1319 qui
421 1258 474 1319 per
491 1240 611 1317 gratiam
630 1239 764 1319 baptismi
782 1240 947 1319 pudicitiam
965 1242 1115 1301 iustitiam·

129 1344 186 1405 que
205 1325 393 1385 servaverint.
439 1324 571 1404 Denique
590 1326 722 1403 exemplo
740 1336 786 1385 cst
803 1326 868 1385 huic
886 1327 932 1384 rei
949 1326 1034 1385 etiam
1045 1326 1112 1397 hoe,

130 1408 207 1490 qaod
226 1429 296 1488 erga
314 1421 432 1469 matrem
451 1420 574 1469 vestram
592 1420 704 1488 gestum
724 1420 780 1480 est,
801 1411 848 1468 cni
865 1409 941 1468 salos
960 1410 1032 1468 iracc
1052 1430 1114 1469 om·

129 1497 173 1555 nis
192 1516 244 1574 pro
263 1493 399 1555 mercede
426 1492 583 1573 pudicitiae
610 1506 746 1573 reparata
772 1504 832 1563 est,
861 1492 998 1572 adquam
1017 1504 1115 1553 casto·

130 1580 262 1639 dieodam
281 1592 311 1641 et
329 1577 553 1639 conservandam
572 1595 628 1641 non
647 1579 757 1639 sufficit
772 1579 835 1639 soie
852 1580 1040 1651 continentia,
1061 1577 1115 1639 scd

128 1666 177 1724 ubi
195 1667 321 1725 senserit
338 1666 400 1743 quis
418 1662 536 1725 insidias
556 1674 586 1723 et
612 1662 813 1743 deceptionem
839 1664 948 1743 parari;
976 1664 1114 1723 continuo

129 1752 204 1809 sicut
222 1750 258 1809 ab
275 1752 352 1828 ignis
370 1750 475 1828 impetu
494 1760 543 1808 aut
560 1750 677 1809 incursu
694 1751 776 1809 canis
793 1749 886 1808 rabidi
901 1750 1038 1827 refugiat,
1058 1767 1114 1808 nee

130 1820 262 1896 con-fidat‘
275 1833 350 1915 quod
368 1832 527 1895 huiusmodi
546 1832 664 1894 insidias
682 1836 775 1914 possit
792 1835 878 1909 facile
896 1834 998 1912 aliquis
1020 1834 1115 1913 putto,

128 1919 278 1999 sophacdo
297 1932 346 1979 aut
363 1919 504 1999 palpando
523 1920 678 1994 cohibere3
709 1918 759 1981 sed
778 1930 810 1979 ut
828 1918 899 1990 dixi,
920 1918 1114 1997 effugiendum
1174 1955 1176 1960 ,

129 2018 174 2065 est
192 2016 223 2065 et
241 2007 327 2083 longe
345 2004 568 2077 abscedendum,
589 2006 665 2065 sicut
682 2007 755 2067 fecit
772 2016 802 2065 et
819 2016 916 2065 vestra
934 2017 1026 2065 mater
1042 2023 1113 2065 vere

129 2102 159 2151 et
176 2093 293 2171 integre
311 2091 414 2150 bouum
434 2090 556 2169 diligens
575 2090 741 2169 pudicitiae.
771 2090 896 2170 Propter
914 2089 989 2169 qood
1004 2100 1034 2148 et
1042 2108 1114 2149 con-

128 2188 243 2237 servato
261 2175 341 2236 vobis
361 2187 407 2236 est
421 2196 455 2236 ac
474 2198 525 2236 voe
544 2176 597 2248 ilii,
618 2178 737 2255 iusuper
753 2186 848 2239 autem
866 2186 897 2236 et
912 2186 1052 2234 aeternae
1070 2175 1114 2234 vi·

127 2274 176 2322 tae
195 2264 343 2340 agnitione
362 2261 478 2323 donata.
527 2261 596 2320 Cum
615 2261 688 2319 haec
707 2271 738 2320 et
755 2262 842 2320 muita
859 2261 916 2343 alia
938 2260 982 2320 tis
1009 2258 1113 2318 similit

129 2347 261 2421 diaieset,
280 2365 402 2428 vespere
421 2348 499 2406 facto
517 2346 722 2425 requievimus.

355 2996 885 3116 Itiner'octovus.

171 3199 201 3259 i.
248 3198 369 3260 Postera
386 3212 480 3260 autem
508 3201 554 3262 die
582 3199 685 3260 Petrus
707 3218 790 3260 mane
812 3199 949 3260 adsumtis
976 3198 1111 3258 sumtibus

127 3286 199 3344 meis
218 3288 255 3344 et'
266 3303 322 3356 me,
344 3285 496 3346 descendit
513 3285 550 3346 ad
567 3298 693 3366 portum,
714 3298 746 3345 ut
763 3285 792 3345 in
811 3287 880 3344 mari
891 3285 1060 3354 lavaremus,
1081 3294 1113 3344 et

94 3379 99 3392 ·
126 3370 265 3449 posthoc
285 3369 321 3429 ad
340 3371 433 3430 iocum
453 3372 593 3450 quendam
611 3372 802 3431 secretiorem
820 3371 991 3430 secessimus
1000 3370 1111 3428 oratio·

127 3457 172 3514 nis
191 3457 295 3533 gratia.
345 3455 443 3520 Senex
461 3469 557 3517 autem
575 3455 687 3537 quidam
706 3477 826 3536 pauper,
857 3467 887 3515 et
905 3466 936 3514 ut
953 3456 1112 3534 apparebat

127 3559 165 3598 ex
184 3541 279 3600 habitu
299 3543 459 3620 operarius,
481 3543 595 3602 curione
614 3561 651 3602 ex
669 3543 784 3601 occuito
803 3542 961 3601 observare
979 3559 1112 3600 noeaoe-

127 3626 181 3703 pit‚
201 3635 232 3684 nt
249 3626 361 3686 videret
381 3626 447 3704 quid
465 3645 617 3704 ageremus
640 3628 668 3686 in
696 3637 812 3686 secreto
839 3627 936 3706 positi.
984 3624 1111 3702 Cumque

127 3730 180 3768 nos
199 3718 315 3770 orantes
333 3708 463 3783 vidisset,
485 3714 665 3790 exspectavit
683 3711 776 3772 donec
795 3713 958 3778 exuemus,
988 3719 1018 3768 ct
1035 3709 1111 3768 saiu-

127 3805 190 3853 tans
209 3815 260 3853 nos
279 3799 334 3854 ait:
357 3795 389 3854 Si
408 3815 465 3856 non
483 3817 573 3875 aegre
592 3799 736 3876 accipitis,
758 3808 788 3856 et
806 3797 885 3874 qo'asi
904 3794 1047 3853 curiosum
1064 3811 1109 3854 me

127 3890 175 3939 aut
193 3881 383 3958 importunum
403 3884 519 3954 notatis,
538 3883 622 3942 veiim
632 3883 778 3942 vobiscum
788 3881 924 3940 conferre
934 3895 1107 3950 sermonem,
