2634 4400
669 257 716 316 ῃ
793 239 806 255 ,

585 347 796 369 ο--ο--υς
872 334 886 356 ⁸

201 460 355 520 secundum
374 464 606 540 consequentiam
625 479 720 521 rerum
739 458 775 519 de
793 459 1055 534 tutorisdixeruut3
1075 462 1184 541 niioqui

110 552 112 555 ’
201 549 367 611 aestimasse
396 549 490 634 potius
517 547 747 625 sapientissimi,
768 545 843 628 quod
861 563 956 605 rerum
976 549 1184 625 consequentia

201 630 373 703 dictaverat,
393 631 570 696 riderentur.
997 686 1000 698 ,

242 715 298 775 tit).
346 714 428 790 Quod
446 727 537 775 autem
557 714 635 787 dico,
656 717 714 775 taio
733 727 793 775 est:
815 715 956 774 Christum
975 717 1080 794 suscipi
1099 736 1118 774 e
1136 715 1182 775 io.

200 800 281 859 daeis
291 799 327 859 ad
337 821 407 879 quos
424 812 556 871 venerat,
577 811 608 860 et
625 800 706 861 credi
725 801 832 878 ei,.qni
844 799 1068 878 exspectabatur
1080 799 1117 858 od
1136 821 1182 859 sa,

199 887 285 944 lutera
305 887 402 964 popuii
421 884 575 944 secundum
588 884 756 951 traditiones
771 896 894 963 patrum,
915 903 1094 963 consequens
1105 896 1180 955 eret,

199 981 302 1049 gentes
320 991 389 1029 vero
409 972 517 1028 oiicnas
544 970 634 1028 choo
661 971 737 1040 sore,
768 969 867 1048 quihus
893 989 986 1055 aeque
1012 972 1181 1053 promissum

199 1054 350 1134 quidquam
370 1054 406 1114 de
430 1075 465 1112 eo
494 1073 586 1132 neque
614 1053 808 1120 adnuntiatum
835 1055 941 1124 inerat,
970 1055 1055 1113 immo
1082 1055 1182 1133 quihus

200 1131 378 1198 nonomine
407 1137 519 1217 quidem
547 1139 609 1216 ipso
636 1137 789 1220 aliquando
812 1140 985 1203 innotuerat.
1033 1138 1070 1197 Et
1087 1150 1182 1197 tamea

200 1224 373 1302 prophetae,
399 1234 500 1282 eontra
519 1221 647 1282 ordinem
667 1235 698 1283 et
715 1225 947 1302 consequentiam
966 1242 1061 1282 rerum
1080 1222 1181 1282 dixere

200 1327 263 1366 conr
291 1310 538 1385 exspectationem
566 1311 706 1386 gentium,
731 1319 761 1368 et
779 1326 835 1366 aon
855 1307 1024 1367 iudaeorum
1043 1309 1179 1371 futurum.

200 1391 242 1451 lta
262 1391 384 1470 denique
404 1403 433 1452 et
451 1403 562 1471 gestum
581 1405 635 1452 est.
679 1393 748 1452 Cum
767 1395 841 1455 enim
860 1396 997 1464 venisset,
1017 1392 1053 1454 ah
1072 1393 1116 1458 his
1134 1393 1182 1476 qui

200 1497 262 1536 cunr
282 1488 453 1555 exspectare
471 1476 641 1536 videbantur
659 1477 869 1537 contraditione
888 1479 1037 1548 maiorum,
1067 1479 1181 1535 omuino

198 1563 312 1639 agnitus
331 1582 386 1624 non
406 1573 465 1634 est3
491 1563 520 1620 hi
537 1581 608 1623 vero
628 1564 673 1641 qui
693 1563 761 1620 nihii
789 1561 825 1622 de
852 1565 915 1640 ipso
942 1563 1055 1640 penitus
1081 1561 1182 1620 audie,

199 1657 277 1717 rant,
307 1657 336 1704 ct
354 1649 466 1704 venisse
486 1645 618 1717 credunt,
648 1657 678 1705 et
699 1657 846 1711 ventorum
866 1651 993 1724 sperant.
1039 1646 1077 1713 ‚Et
1094 1648 1181 1710 itain

200 1731 329 1789 omnihus
356 1731 509 1808 prophetia
536 1730 628 1797 fidelis
655 1733 800 1808 apparuit,
825 1751 897 1809 quae
917 1731 989 1788 dixit
1007 1732 1097 1808 ipsum
1117 1750 1181 1795 esse

200 1815 447 1892 exspectationem
466 1817 603 1896 gentium.
629 1813 807 1874 Erraxerout
825 1835 896 1893 crgo
915 1815 1014 1874 iudaei
1033 1815 1069 1874 de
1088 1816 1181 1893 primo

200 1897 306 1958 domiui
325 1897 463 1970 adventur
503 1911 532 1958 et
550 1902 626 1959 inter
644 1920 696 1959 nos
714 1912 800 1978 atque
829 1902 906 1978 ipsos
925 1898 961 1958 do
980 1900 1035 1958 hoc
1054 1911 1099 1958 est
1117 1901 1181 1958 soie

200 1982 357 2042 dissidium.
404 1982 476 2042 Nam
504 1983 580 2063 quod
603 1995 738 2048 venturas
755 1987 793 2045 sit
811 1984 951 2054 Christus,
973 1996 1077 2051 norunt
1095 1986 1181 2043 etiam

199 2069 254 2147 ipsi
282 2079 312 2127 et
339 2078 528 2146 exspectant,
558 2069 633 2148 quod
651 2080 746 2128 autem
773 2071 827 2127 iam
846 2071 958 2128 venerit
976 2071 1004 2127 iu
1024 2070 1180 2128 humilitate

199 2154 246 2213 hic
275 2154 321 2232 qui
349 2152 454 2216 dieitur
481 2153 572 2227 iesus,
601 2156 747 2233 ignorant.
795 2153 832 2213 to
858 2157 886 2214 in
905 2155 960 2214 hoc
979 2156 1100 2214 maxime
1119 2155 1182 2215 eius

199 2240 385 2298 confirmetur
403 2238 551 2317 adventus,
572 2239 648 2318 quod
667 2241 695 2298 ei
714 2261 770 2302 noo
790 2248 887 2305 oranes
906 2239 1037 2304 creduut.

240 2322 297 2383 ht.
345 2324 425 2383 Hunc
445 2344 516 2403 ergo
536 2324 605 2384 deus
624 2322 778 2385 destinavit
796 2327 823 2383 io
843 2325 899 2383 hnc
918 2323 1025 2395 muudi,
1045 2326 1112 2403 quia
1129 2327 1182 2383 im·

190 2409 334 2489 ¹possibile
363 2418 426 2469 crat
453 2410 611 2469 mortalium
639 2411 712 2469 maia
739 2413 857 2489 purgari
879 2429 933 2488 per
950 2410 1046 2481 aliam,
1067 2410 1182 2487 integro

199 2494 337 2553 duntaxat
356 2506 541 2571 permanente
562 2496 674 2553 humani
684 2498 802 2572 generis
817 2507 962 2565 creatura,
983 2494 1038 2553 hoc
1049 2496 1183 2553 estsalvo

199 2578 310 2637 arbitrii
329 2578 474 2637 libertate.
522 2578 584 2635 Hoc
603 2580 692 2656 igitur
709 2590 783 2637 statu
801 2582 936 2637 incolumi
954 2589 1116 2648 reservato,
1137 2580 1181 2637 iu·

198 2664 290 2721 uitare
309 2664 387 2721 veuit
405 2660 441 2719 ad
460 2682 578 2740 regnum
599 2664 688 2721 iustos
706 2684 832 2741 quosque
866 2674 896 2722 et
918 2684 969 2723 eos
997 2665 1043 2743 qni
1062 2664 1180 2741 placere

197 2746 367 2807 studuerunt
386 2748 424 2816 ei,
446 2748 545 2826 quihus
564 2748 640 2805 bona
658 2749 813 2807 ineffabilia
832 2745 1015 2827 praeparavit
1033 2760 1063 2808 et
1079 2748 1181 2806 Hiero,

197 2832 287 2891 salem
307 2833 450 2890 civitatem
470 2834 637 2903 caelestem,
658 2852 731 2911 quae
750 2852 837 2911 super
854 2833 1036 2911 splendorem
1047 2835 1116 2893 sotis
1126 2833 1181 2891 rut·

198 2917 280 2995 gehit
306 2918 338 2976 in
359 2916 536 2975 habitatione
564 2928 739 2977 sanctorum.
786 2918 910 2981 Iniustos
926 2938 997 2982 vero
1017 2929 1046 2977 et
1064 2919 1178 2997 impios,

199 3003 285 3080 etqui
304 3022 357 3081 pro
377 3002 465 3060 nihilo
485 3002 645 3060 hahuerunt
673 3001 768 3073 deum,
785 3005 1020 3081 commissamque
1030 3003 1085 3061 sihi
1093 3005 1181 3061 vitem

199 3086 312 3146 diverse
331 3087 367 3145 ad
385 3088 494 3165 flagitia
509 3089 702 3160 contulerunt,
723 3108 757 3146 ac
768 3099 879 3168 tempus
889 3091 987 3167 operis
996 3090 1074 3158 iusti,
1095 3106 1181 3146 exer·

198 3174 294 3231 citium
314 3174 412 3233 iecere
432 3175 569 3245 malitiae,
590 3175 820 3253 competentibus
838 3176 963 3252 ipsisque
983 3171 1077 3250 dignis
1094 3173 1180 3230 uitio·

198 3258 279 3315 nibus
289 3258 393 3316 tradet.
434 3258 540 3318 Cetera
549 3278 619 3317 vero
630 3279 703 3337 quac
722 3258 761 3315 ihi
780 3270 920 3334 gerentur
937 3258 1062 3334 proferri
1079 3258 1180 3315 cteio-

198 3343 257 3419 qai,
278 3360 371 3418 neque
399 3344 510 3418 angelis
529 3360 621 3419 neque
641 3342 801 3400 hominihus
821 3342 863 3398 ias
882 3351 942 3412 est3
972 3338 1024 3397 sed
1042 3340 1098 3398 hoc
1116 3350 1180 3398 tau-

197 3437 255 3483 tum
274 3427 349 3483 scire
370 3446 421 3482 nos
440 3426 560 3495 sufficit,
591 3425 669 3503 quod
687 3425 770 3481 honis
788 3435 935 3483 aeternam
953 3425 1093 3482 honorum
1112 3445 1180 3502 pos-

197 3510 353 3571 sessionem
373 3510 506 3567 conferet
525 3508 605 3567 deus.
851 3568 856 3575 ,

239 3593 310 3654 52..
345 3594 394 3653 His
421 3594 457 3652 ah
484 3614 519 3653 eo
550 3591 634 3653 dictis
662 3615 718 3673 ego
737 3595 888 3675 respondi:
911 3596 944 3654 Si
963 3595 1068 3653 Christi
1087 3616 1178 3674 regno

197 3684 328 3740 fruentur
347 3680 393 3751 hi,
424 3699 494 3759 quos
513 3681 602 3738 iustos
620 3682 763 3739 invenerit
781 3682 843 3739 eius
861 3680 1010 3751 adventus,
1040 3700 1113 3759 ergo
1131 3684 1179 3759 qui

198 3777 264 3824 ante
284 3764 435 3825 adventurn
455 3766 516 3825 eius
535 3764 663 3825 defuncti
682 3777 757 3837 sunt,
778 3786 870 3845 regno
890 3769 1002 3845 penitas
1021 3767 1178 3825 carebunt?

197 3850 266 3909 Tum
287 3850 403 3919 Petrus:
425 3851 515 3928 Cogis
533 3872 589 3924 me,
612 3853 713 3933 inquit,
735 3872 752 3910 o
772 3852 915 3925 Cicerone
937 3854 1030 3932 aliqua
1049 3850 1086 3921 de
1105 3852 1178 3909 inef-
