2634 4400
666 294 732 358 {⁷8

592 390 805 405 Ἠ·-

206 504 288 580 Quod
305 515 399 564 auteur
418 504 456 562 sit
473 503 545 561 alins
563 500 713 561 invisibilis
731 500 861 570 mundus,
882 500 930 577 qni
948 500 1022 562 hune
1047 498 1195 558 risibilem

205 593 280 650 iutra
298 591 480 669 semetipsum
499 590 657 659 continent,
679 596 863 665 posteaquam
891 583 927 644 de
954 583 1059 643 visibili
1085 582 1194 643 mundo

206 675 434 746 discusserimus,
455 685 523 732 tunc
542 684 572 733 et
589 670 625 733 ad
642 670 720 731 illurn
737 672 896 730 venienus.

247 761 300 820 tt.
347 760 430 819 Nune
449 760 574 830 interim,
596 759 773 837 quiefactus
791 758 829 815 sit
846 752 967 815 muudus
983 748 1192 824 iste'risiltilie,

132 888 148 913 ,
206 857 347 907 testantur
374 848 459 905 etiarn
487 844 721 923 philosophorum
740 842 853 920 plurimi
872 842 1019 920 sapientes
1034 841 1099 898 riri.
1129 840 1194 899 Sed

206 950 242 991 ne
260 930 408 990 videamur
426 932 506 1010 quasi
525 940 647 1007 egentes
663 926 877 986 adsertionibus
894 928 935 984 nti
957 927 1081 985 voluisse
1107 925 1195 983 testi·

206 1018 268 1087 bns,
289 1014 327 1075 de
344 1016 493 1095 principiis
512 1016 584 1084 eius,
605 1016 629 1072 si
648 1012 772 1084 videtur,
794 1029 973 1091 quaeramus.
1012 1010 1193 1089 Corporeum

152 1139 155 1146 ·
207 1120 271 1161 esre
290 1100 420 1159 muudum
439 1100 513 1157 irrruc
531 1096 684 1169 visibilem,
705 1116 741 1157 eo
759 1099 824 1177 ipso
842 1096 921 1176 quod·
936 1108 981 1157 est
993 1097 1124 1166 usitilis,
1143 1115 1194 1155 ea·

206 1189 244 1245 tis
263 1195 387 1245 onustat.
435 1184 524 1245 Omne
543 1194 636 1243 autern
656 1202 763 1261 corpus
785 1182 855 1242 duas
872 1183 978 1263 recipit
995 1181 1191 1253 differentiasg

207 1281 256 1331 eut
274 1270 348 1330 enim
368 1289 526 1329 connexum
546 1279 591 1327 est
609 1279 639 1329 et
656 1267 794 1339 solidum,
822 1279 872 1328 aut
888 1266 1007 1326 divisum
1026 1278 1057 1327 et
1074 1283 1195 1345 sepera-

121 1373 131 1391 ‘
207 1368 276 1415 tum.
323 1355 362 1413 Et
378 1358 401 1415 si
421 1354 533 1434 quidem
552 1371 713 1415 connexum
739 1356 793 1413 luit
819 1364 850 1413 et
875 1353 995 1412 solidum
1022 1370 1127 1431 corpus
1154 1370 1195 1411 cx

208 1456 265 1521 quo
282 1441 401 1501 mundns
420 1442 513 1499 lactus
532 1450 589 1511 est,
610 1450 640 1498 et
658 1459 713 1518 por
740 1438 869 1499 diversus
896 1439 1010 1517 specics
1036 1448 1195 1517 partesupre

151 1582 154 1589 .
208 1525 363 1587 secundum
382 1526 560 1586 differentias
577 1527 620 1583 sui
640 1542 746 1604 corpus
760 1524 834 1583 illud
852 1526 986 1603 partitum
1008 1534 1055 1582 est
1071 1534 1103 1581 et
1119 1521 1195 1581 diri-

208 1632 279 1685 snm,
301 1630 422 1673 necesse
441 1622 486 1670 est
503 1611 637 1687 intelligi,
658 1610 747 1669 luisse
765 1610 888 1688 aliquem
911 1610 958 1687 qui
985 1626 1091 1687 eorpus
1116 1606 1196 1686 quod

209 1708 272 1757 crat
290 1716 450 1757 connexum
470 1708 500 1755 et
517 1694 636 1755 solidum
656 1694 817 1766 dirimeret,
837 1706 923 1774 utque
942 1687 1096 1773 inpactus
1121 1692 1196 1751 mul-

81 1774 90 1783 ’
207 1794 251 1841 tas
270 1782 391 1841 duceret
409 1784 573 1860 formasque
591 1780 731 1839 diversas.
776 1779 874 1839 Autsi
894 1799 931 1838 cx
945 1778 1070 1839 diversis
1081 1776 1196 1857 disper-

208 1869 304 1946 slsque
323 1886 477 1945 corporum
495 1865 623 1945 partibus
642 1867 733 1923 omnis
751 1864 848 1924 mundi
866 1865 938 1924 lrucc
957 1864 1047 1923 moles
1074 1881 1195 1942 conpo-

209 1953 263 2010 site
281 1963 326 2010 est
344 1962 374 2009 ct
393 1954 603 2029 compaginata,
625 1969 749 2009 necesse
776 1961 822 2009 est
848 1951 1029 2009 nihilomiuus
1055 1950 1191 2027 intelligi,

209 2037 297 2095 luisse
316 2036 437 2114 aliquem
457 2038 503 2114 qni
521 2037 550 2093 in
568 2054 651 2093 unum
671 2035 816 2113 dispersas
835 2036 998 2113 colligeret,
1019 2047 1050 2094 et
1064 2034 1194 2093 diversas

209 2121 296 2181 rebus
314 2122 429 2201 species
448 2121 592 2180 indueret.

251 2209 302 2267 14.
349 2207 517 2286 Eloquidenr
534 2208 634 2286 plures
649 2206 883 2286 philosophorum
902 2207 957 2265 lroc
967 2208 1057 2285 magis
1066 2208 1193 2265 sensisse

210 2295 283 2365 scio,
304 2291 379 2373 quod
399 2312 436 2352 ex
454 2313 510 2352 uno
530 2311 667 2371 corpore,
687 2311 769 2371 quam
787 2293 828 2351 illi
847 2294 993 2351 materiam
1010 2303 1128 2364 sonunt,
1149 2291 1194 2349 di-

208 2380 336 2438 visiones
354 2397 388 2438 ac
408 2379 599 2438 discretiones
618 2377 752 2436 conditor
769 2379 876 2437 lecerit
893 2376 979 2451 dens3
1005 2376 1080 2456 quud
1097 2388 1193 2436 utne!

210 2483 248 2523 cx
266 2475 387 2542 quatuor
404 2464 588 2542 simplicibus,
619 2474 649 2522 et
674 2465 704 2521 in
725 2483 810 2522 unum
828 2473 1053 2542 temperamento
1071 2461 1193 2541 quodem

210 2547 323 2608 divinae
350 2547 549 2628 providentiae
576 2547 708 2607 admixtis
736 2559 884 2607 constaret
911 2549 1073 2608 elementis.
1119 2546 1192 2606 Num

209 2632 278 2692 illud
297 2636 441 2712 superfluo
460 2654 477 2692 u
495 2632 659 2712 quibusdam
679 2633 785 2692 dictum
803 2644 885 2712 puto,
906 2633 982 2712 qnod
996 2634 1118 2712 simplex
1126 2651 1192 2691 cor-

209 2737 273 2796 pus,
293 2716 323 2778 id
342 2729 387 2777 est
405 2719 511 2796 ubsque
530 2719 586 2776 ullu
605 2720 809 2777 coniunctione
837 2720 875 2776 sit
891 2717 1002 2790 mundi,
1031 2736 1095 2779 curn
1122 2735 1193 2776 eon-

208 2811 269 2859 stct
285 2819 340 2859 uec
359 2821 463 2880 corpus
482 2821 567 2880 posse
587 2821 652 2861 esso
671 2802 747 2881 quod
757 2805 879 2882 simplex
889 2804 945 2874 est,
966 2823 1059 2882 neque
1077 2803 1193 2863 misceri

209 2902 297 2964 posse
323 2897 372 2944 aut
397 2887 553 2964 propagari
578 2886 625 2944 uel
652 2887 740 2958 solvi3
760 2896 843 2966 'onae
870 2891 966 2947 omniu
981 2890 1079 2967 utique
1097 2886 1193 2946 mundi
1221 2942 1224 2954 ,

165 3007 170 3019 ·
210 2970 379 3049 corporibus
397 2970 525 3030 videmus
544 2970 691 3030 accidere.
739 2973 802 3046 Quo
821 2973 906 3032 modo
925 2975 1005 3034 enim
1018 2975 1193 3043 solveretur,

210 3055 234 3114 si
253 3066 332 3116 esset
349 3057 470 3135 simplex
489 3076 543 3116 nec
562 3056 683 3116 haberet
700 3053 775 3116 iutro
792 3077 826 3117 sc
843 3057 920 3117 aliud
937 3079 956 3116 a
972 3079 1029 3136 quo
1041 3059 1192 3118 resolviac

211 3140 297 3200 dividi
307 3147 425 3220 posset?
445 3141 526 3218 Quod
536 3144 562 3204 si
571 3163 607 3202 ex
618 3141 727 3202 duobus
735 3156 785 3202 out
793 3144 896 3215 tribus,
915 3145 1057 3204 ueletiam
1072 3161 1111 3202 ex
1123 3162 1193 3222 quoe

210 3227 1194 3306 tuorconstarecorporavideutur,cnironedumcxigeunlrolicuti

210 3329 324 3370 sensum
342 3315 521 3372 mauiiestum
540 3313 588 3385 sit,
609 3313 685 3393 quod
703 3313 793 3372 fuerit
808 3313 912 3392 olirpris
921 3314 968 3392 qui
978 3314 1100 3372 inunum
1110 3314 1193 3391 plura

210 3397 375 3473 collegerit,
397 3410 427 3458 et
444 3399 664 3476 temperamenti
682 3397 882 3457 moderatione
900 3410 1026 3470 mata,
1046 3417 1084 3458 ex
1098 3398 1193 3456 diuer-

210 3480 249 3538 sis
268 3482 394 3558 pcrtibus
413 3483 533 3542 solidum
552 3502 657 3562 corp-us
677 3483 828 3542 effecerit?
847 3484 928 3542 Hunc
946 3484 1036 3562 igitur
1052 3499 1105 3542 nus
1123 3500 1194 3540 con·

109 3628 113 3634 ,
211 3562 332 3624 dituroru
351 3566 446 3625 mundi
465 3568 584 3628 dicimus
602 3567 698 3640 deum,
718 3569 794 3628 lunc
806 3568 1194 3657 agnoscimus-uniremitatis

184 3648 186 3655 ‘
209 3661 368 3710 auctorem.

205 3793 209 3797 .
251 3733 305 3794 ¹5.
351 3735 424 3796 Num
435 3735 610 3798 Graecorum
625 3739 788 3818 philosophi
797 3697 1194 3818 depriucipiiernundiquue·

210 3829 320 3891 rentes,
340 3822 412 3880 alius
438 3823 495 3881 alia
520 3823 640 3883 incessit
664 3826 722 3884 viu.
768 3823 900 3902 Denique
927 3823 1106 3903 Pythagora
1132 3823 1194 3881 ele··

277 3913 306 3961 *a
323 3905 526 3984 principiorum
554 3925 690 3968 numeros
712 3923 778 3968 esse
796 3908 886 3980 dicit,
904 3909 1085 3969 eutium
1101 3908 1194 3986 quali·-
