2634 4400
686 237 732 303 llil

602 329 815 343 §nuncu—ran*-

260 439 317 500 at,
363 440 400 500 lit
418 439 517 501 Simon
536 441 591 500 ait:
620 439 713 500 Miror
739 439 852 520 quidem
878 441 1062 504 velocitatem
1077 407 1207 522 ,ingenii

218 527 270 596 tui,
300 517 356 584 noh
384 538 478 586 tamon
505 526 665 606 amplector
691 546 819 585 errorem
844 525 910 587 fidei
935 538 1018 600 tuae,
1041 527 1208 607 prudenter
1305 538 1306 551 ¹

219 613 292 668 calar
312 611 490 690 praevidisti,
520 611 594 690 quod
622 611 673 669 tibi
696 611 855 670 contradici
874 613 977 689 possit,
998 624 1029 672 et
1045 613 1153 672 urbane
1173 614 1208 672 id
1305 640 1306 659 ι

219 697 303 754 ctiam
323 697 385 774 ipse
404 698 551 775 professus
571 715 619 768 es,
640 695 716 774 quod
734 716 788 774 pro
806 695 972 761 adsertione
992 697 1090 754 borum
1119 699 1206 756 iann-
1305 702 1306 711 ’

218 795 306 850 ruera·
323 781 474 852 perborum
502 781 590 850 taillia
616 779 822 853 movebuntur,
852 781 921 839 nulli
947 783 1022 842 enim
1041 781 1206 842 concordat

217 865 361 943 professio
381 865 448 924 lidei
467 877 544 923 tuae.
591 865 722 942 Denique
741 864 816 943 quod
843 885 915 924 nnus
941 867 979 924 sit
1005 865 1088 937 deus,
1120 868 1203 924 cuius

217 951 255 1020 sit
273 971 344 1028 opus
362 948 491 1020 mundus,
512 949 567 1006 hoc
586 951 705 1028 primum
725 950 787 1028 quis
809 951 951 1031 recipiatl
977 960 1049 1029 pato
1065 951 1132 1028 quia
1149 970 1203 1010 ae-

218 1053 272 1111 que
291 1033 467 1110 paganorum
487 1033 652 1111 quisquam,
682 1033 808 1113 quamvis
826 1034 875 1092 ille
893 1035 931 1091 sit
949 1033 1051 1105 idiota,
1070 1035 1202 1113 philoso-

217 1119 337 1195 phorum
356 1128 449 1176 autern
469 1118 582 1175 omnino
601 1118 709 1187 nullus,
729 1116 782 1176 sed
808 1137 862 1177 nec
890 1116 1059 1187 Iudaeorum
1088 1117 1202 1197 quidem

217 1201 445 1280 inrperltisslmns
464 1203 608 1286 quisquam¹
628 1213 657 1263 et
675 1202 862 1273 miserrimus,
882 1221 976 1280 neque
995 1221 1053 1279 ego
1071 1205 1134 1280 ipse
1153 1205 1201 1281 qui
1305 1200 1306 1271 ,

217 1304 317 1342 eorum
337 1286 430 1362 legem
448 1285 524 1344 bene
548 1287 624 1346 novi.
672 1285 710 1344 lit
727 1286 845 1345 Petrusc
875 1285 994 1357 Omitte,
1013 1288 1116 1366 inquit,
1137 1289 1202 1364 opi·
1305 1358 1306 1363 ἵ

217 1371 319 1427 nionos
338 1369 507 1441 absentium,
528 1369 579 1429 tibi
599 1369 665 1450 quid
684 1369 812 1456 ridetur,
828 1391 968 1450 praesens
985 1373 1133 1450 praesenti
1157 1371 1201 1429 di-

218 1455 288 1526 eito,
334 1454 403 1521 Tuta
423 1453 537 1515 Simone
558 1454 692 1526 Possum,
721 1455 823 1597 inquit,
853 1475 1001 1534 exponere
1028 1453 1104 1534 quod
1130 1476 1202 1515 vere

216 1540 323 1610 scatio,
344 1539 395 1598 sed
409 1541 566 1618 pigriorem
585 1559 630 1599 me
649 1541 720 1599 lacit
737 1541 786 1597 ila
804 1539 1010 1610 consideratio,
1030 1541 1098 1618 quia
1115 1542 1139 1598 si
1158 1539 1202 1598 di·
1305 1554 1306 1561 ’

216 1645 302 1695 xero,
323 1623 399 1704 quod
417 1644 509 1704 neque
529 1624 581 1682 tibi
599 1627 636 1682 sit
663 1644 819 1683 consonum
843 1644 937 1702 neque
954 1625 1041 1701 vulgo
1064 1624 1130 1682 huic
1149 1627 1203 1683 im·
1305 1664 1306 1675 ι

217 1707 567 1799 peritoreaturuvidetur,¹
592 1707 747 1794 tequidem
767 1711 846 1786 quasi
866 1707 1095 1786 obstupefactus,
1115 1729 1202 1768 aures

218 1794 354 1851 continuo
374 1791 530 1851 obcludens
556 1792 634 1851 velut
659 1813 696 1852 ne
715 1792 892 1870 blasphemia
909 1793 1084 1872 polluantur,
1103 1805 1202 1852 verte-

217 1877 257 1934 ris
276 1878 304 1933 in
330 1877 439 1953 fugam,
469 1877 534 1954 quia
553 1875 628 1955 quod
646 1874 824 1955 respondeas
843 1899 899 1937 non
918 1877 1067 1948 invenies,
1090 1899 1202 1959 popu·
1305 1934 1306 1949 ,

217 1961 260 2018 lus
278 1958 372 2019 autem
391 1960 594 2020 irrationabilis
613 1959 779 2023 adsentatus
796 1963 859 2033 tibi,
881 1973 909 2026 te
920 1961 1032 2041 quidem
1043 1964 1202 2042 amplecte-

216 2056 282 2114 tur,
313 2046 393 2122 quasi
421 2065 456 2104 ea
484 2043 637 2105 docentem
665 2065 738 2124 quae
764 2048 793 2105 in
820 2068 872 2106 asu
900 2047 1036 2117 cissam,
1066 2067 1111 2106 me
1131 2067 1200 2106 reno

217 2129 454 2203 exsecrabantur,
475 2130 562 2189 veluti
581 2150 654 2189 nora
673 2130 809 2211 quaedam
828 2143 913 2212 atque
927 2130 1054 2193 inaudita
1062 2131 1202 2210 proliten-

217 2225 286 2286 tem,
307 2234 455 2296 meumque
474 2236 603 2275 errorem
622 2218 724 2285 alienis
742 2217 884 2276 mentibus
902 2217 1086 2276 inferentem.

206 2348 208 2356 s
258 2298 315 2359 58.
361 2300 430 2359 Tum
449 2300 567 2361 Petrus:
588 2299 731 2380 Numquid
750 2322 807 2359 non
826 2313 867 2373 ta,
889 2303 916 2360 in
936 2320 992 2379 quo
1010 2322 1062 2362 nos
1081 2321 1202 2361 accusa·
1305 2357 1306 2372 ξ

217 2385 280 2455 baa
301 2388 363 2463 ipse
383 2386 548 2463 ambagibus
567 2388 669 2458 uteris,
690 2386 759 2444 nihil
777 2386 886 2445 habens
905 2384 981 2465 quod
998 2384 1202 2445 adlenasveri·
1305 2419 1306 2442 t

217 2472 303 2539 tatisl
322 2481 370 2527 aut
388 2472 411 2527 si
430 2471 531 2541 habes,
552 2472 648 2549 incipe
668 2471 774 2549 absque
794 2470 1021 2540 circuitionibus,
1051 2471 1201 2529 sitantum

218 2552 354 2610 confidis:
376 2564 406 2611 ot
423 2554 446 2611 si
467 2552 578 2631 quidem
598 2575 654 2613 non
674 2556 836 2631 placuerint
853 2556 938 2613 alicui
957 2554 1116 2620 auditorum
1128 2575 1201 2633 quae

218 2635 303 2707 dicis,
323 2635 473 2707 abscedet,
496 2638 630 2715 quivero
650 2640 872 2716 permanserint,
894 2650 1037 2715 cogentur
1058 2638 1201 2698 adsertio-

217 2720 300 2785 nibus
318 2721 373 2782 tuis
397 2720 521 2798 probare
554 2720 629 2811 qnod
655 2742 753 2791 veruna¹
781 2733 836 2803 est,
883 2723 982 2802 Incipe
1010 2725 1098 2801 igitur
1125 2722 1202 2802 quod

217 2805 269 2861 tibi
288 2814 397 2861 rectum
416 2804 539 2875 ridetur,
561 2826 720 2883 exponere.
767 2806 804 2864 Et
831 2806 929 2867 Simon
956 2809 1012 2865 ait:
1041 2807 1105 2885 Ego
1134 2807 1201 2866 dico

217 2888 319 2956 multos
344 2908 407 2947 esse
435 2888 527 2960 deos,
556 2910 639 2948 unum
667 2902 762 2949 tannen
790 2910 853 2951 esse
881 2892 1199 2971 incomprehensibilem

218 2986 302 3053 atque
318 2974 447 3045 omnibus
458 2976 645 3051 incognitum,
666 2975 822 3055 horumque
842 2978 964 3036 omnium
975 2976 1092 3035 deorum
1104 2971 1198 3035 deam.

216 3061 285 3119 Tam
305 3058 422 3118 Petrus:
444 3060 537 3131 llanc,
558 3060 658 3139 inquit,
679 3079 761 3138 quem
781 3060 853 3119 dicis
871 3051 940 3120 essc'
954 3062 1201 3140 incomprehensi-

158 3148 164 3153 '
215 3146 302 3205 bilem
321 3144 784 3223 ctincognitum'omnihusdeum,
805 3146 1007 3225 exscriptoris
1025 3145 1198 3206 ludaeorum

218 3251 290 3309 quae
318 3232 346 3287 in
374 3232 546 3295 auctoritate
574 3228 725 3301 habentur,
754 3229 880 3309 probare
908 3241 1005 3309 potes,
1025 3250 1061 3288 aa
1080 3250 1118 3290 ex
1135 3230 1201 3288 aliis

216 3314 366 3391 aliquibus,
384 3334 452 3391 quas
473 3334 570 3373 omnes
580 3316 755 3391 ignoramus,
776 3334 811 3372 aa
830 3334 869 3373 cx
886 3313 1005 3373 Graecis
1023 3315 1200 3384 auctoribus,

153 3433 161 3443 »
217 3417 252 3453 aa
272 3416 309 3454 ex
326 3398 381 3454 tuis
400 3399 550 3473 seripturis
569 3399 712 3475 propriis?
739 3397 826 3457 Certe
853 3418 892 3458 ex
909 3399 1123 3479 quibuscunque
1141 3401 1198 3468 vis,

217 3479 317 3550 dicito,
346 3482 385 3537 ita
412 3491 506 3549 tamen
525 3492 556 3539 ut
583 3480 717 3551 ostendas
739 3500 790 3541 eas
808 3484 887 3560 prius
905 3503 970 3545 esse
992 3484 1197 3563 propheticas3

217 3567 255 3623 ita
274 3565 349 3623 enim
367 3564 427 3633 liet,
449 3576 479 3623 ut
497 3584 593 3624 earum
614 3565 771 3625 indubitata
789 3567 928 3627 habeatur
945 3569 1113 3628 auctoritas.

259 3648 315 3707 59.
363 3648 399 3709 Et
418 3648 517 3708 Simon
536 3652 590 3709 ait:
612 3650 656 3709 Ex
674 3652 741 3730 lege
760 3650 929 3711 ludaeorum
945 3653 1007 3713 sola
1016 3651 1199 3713 adsertiones

216 3733 370 3793 adhibebo.
419 3732 553 3795 Omnibus
581 3737 655 3795 enim
693 3739 739 3815 qui
766 3737 916 3812 religionis
957 3757 1053 3796 curam
1080 3748 1197 3815 gerunt,

216 3820 393 3907 manifestum
414 3831 457 3880 cst
475 3821 562 3881 totius
581 3840 644 3882 esso
665 3821 845 3881 auctoritatis
863 3821 936 3882 banc
955 3823 1071 3902 legem,
1101 3841 1200 3883 uuum-
