2634 4400
666 283 730 342 lt‘nll

591 374 804 390 -ιι--ιικ--Αι

206 490 328 560 nartiac,
350 507 430 566 qnam
450 491 670 566 uniuscuiusque
690 489 805 565 peccati
822 505 925 546 cauma
942 497 975 548 et
991 489 1076 564 erigo
1093 491 1192 566 requi·

206 585 299 633 retur.
344 572 371 632 ls
390 593 462 650 ergo
481 575 528 651 qui
547 575 622 632 seire
641 571 734 632 noluit
751 571 894 650 quomodo
912 574 1005 650 possit
1030 574 1132 632 venire
1154 573 1191 632 od

205 661 302 728 vitam,
321 657 374 718 sed
393 659 490 718 maluit
507 659 643 735 ignorare
662 675 699 716 ue
715 676 770 734 per
787 657 842 716 hoe
861 675 930 716 reus
947 658 1012 720 lieri
1029 656 1190 728 videretur,

177 759 184 766 ’
208 763 245 802 cx
264 744 319 802 hoc
338 744 399 821 ipso
418 744 484 815 inm,
506 743 586 820 qnasi
609 743 657 820 qui
683 742 787 799 scierit·
810 752 841 800 ct
867 741 1000 801 bnbnoeit
1025 743 1191 812 seientiam,

206 827 359 888 indicatur.
405 826 535 904 Agnovit
551 827 625 885 enim
645 824 714 903 quid
731 837 810 885 esset
831 825 908 904 qnod
935 827 1054 886 nolebat
1077 825 1190 896 andire,

207 923 237 972 et
255 913 323 972 nibil
343 914 369 970 ci
389 914 522 970 conferet
540 910 579 976 ad
591 911 807 970 excusationem
816 911 959 990 serpentis
968 911 1091 972 artifieio
1102 930 1192 989 qnae-

207 999 260 1055 sita
280 995 435 1069 calliditas,
465 1015 528 1057 cum
555 1015 591 1055 eo
620 996 695 1054 enim
722 996 780 1054 erit
805 997 833 1054 ci
851 997 926 1054 ratio
944 1015 1027 1074 quem
1045 1015 1104 1053 non
1122 997 1194 1055 latet

207 1101 270 1140 cnr
318 1081 355 1140 Ut
373 1091 467 1138 autem
486 1082 560 1138 scias
578 1081 643 1157 qnia
662 1080 826 1157 ignorantia
851 1099 905 1159 pcc
930 1081 1111 1179 semetipsam
1139 1099 1192 1157 ge·

208 1175 290 1226 norat
309 1166 464 1235 interitum,
485 1165 578 1224 anima
596 1183 659 1224 cum
687 1163 856 1225 discesserit
872 1185 890 1224 a
907 1183 1046 1244 corpore,
1073 1165 1099 1222 si
1125 1165 1192 1222 talis

209 1260 296 1308 exeat
322 1269 405 1348 quoe·
422 1251 539 1326 ignoret
566 1268 629 1308 enm
656 1269 673 1307 a
700 1269 756 1327 qun
784 1259 884 1308 ereata
902 1261 959 1321 est,
978 1270 997 1309 a
1013 1269 1069 1328 qno
1087 1250 1118 1307 in
1137 1250 1192 1308 boe

208 1333 311 1392 mundo
330 1335 424 1392 onmia
444 1353 516 1412 qnae
534 1333 631 1394 usibus
650 1335 709 1392 suis
727 1346 811 1393 erant
837 1335 1003 1394 neccssaria
1030 1352 1193 1413 consequu-

207 1431 236 1476 ta
255 1430 311 1490 est,
332 1429 466 1498 tanquam
482 1419 597 1496 ingrata
616 1429 645 1478 et
663 1417 787 1479 infidelis
804 1438 824 1480 a
840 1420 925 1496 regui
942 1420 1004 1478 cius
1018 1420 1082 1478 lnce
1101 1420 1193 1498 proii-

208 1505 295 1562 citnr.
749 1525 781 1584 ο

251 1586 305 1647 tt).
354 1588 476 1650 Sublicit
494 1591 596 1650 iterum
615 1591 803 1667 nequissimus
822 1608 942 1668 serpeus
959 1590 1043 1648 uliam
1069 1589 1193 1648 bomini-

206 1674 258 1732 bus
276 1675 453 1751 opinionem,
474 1693 555 1752 quam
575 1675 674 1752 plures
690 1686 815 1733 vestrum
825 1675 959 1753 proferre
969 1675 1079 1733 solent:
1101 1673 1193 1734 Unum

208 1777 273 1818 esse
293 1769 322 1816 ct
341 1779 394 1818 nos
412 1757 531 1818 dicimus
551 1757 645 1831 deum,
667 1760 715 1836 qni
732 1769 779 1818 est
796 1761 920 1818 omnium
934 1758 1080 1831 dominns3
1099 1758 1194 1817 sedet
1306 1806 1307 1823 ,

207 1844 266 1912 isti,
296 1845 435 1922 inquiunt,
466 1843 506 1903 dii
532 1855 608 1904 sunt,
656 1843 739 1902 Sient
765 1845 840 1902 cuim
867 1863 938 1902 unus
956 1855 1001 1902 est
1020 1843 1142 1915 Caesar,
1163 1854 1194 1902 et
1295 1854 1301 1860 ’

206 1927 295 1986 habet
313 1929 364 1988 snb
382 1947 414 1986 se
432 1929 535 1988 multos
553 1928 676 1999 indices,
696 1928 779 1989 verbi
798 1929 892 2006 gratia
913 1930 1100 2006 praefectos,
1122 1947 1193 1986 con·

208 2014 302 2083 sulcs,
331 2011 460 2072 tribunos
488 2023 517 2072 et
545 2023 677 2072 caeteras
703 2023 883 2091 potestates,
912 2013 996 2072 simili
1022 2013 1195 2072 arbitramur

207 2097 303 2169 modo,
325 2116 388 2158 cum
407 2117 477 2158 unns
497 2099 534 2156 sit
552 2099 643 2156 maior
662 2099 785 2156 omnium
804 2097 886 2169 deos,
906 2099 993 2158 etiam
1010 2099 1081 2156 istos
1099 2096 1138 2156 nd
1154 2099 1194 2155 si·

208 2182 393 2243 militudinem
413 2203 518 2243 earnm·
529 2203 598 2262 quas
617 2180 751 2254 diximus,
770 2190 945 2261 potestatum
963 2181 1112 2253 ordinatos
1126 2201 1193 2243 csse

208 2270 235 2327 in
256 2270 310 2327 hoc
331 2266 434 2328 nrrrndo
453 2267 537 2341 deos,
556 2270 598 2327 illi
617 2267 731 2346 quidem
745 2267 1015 2338 maiorisubieetos,
1036 2278 1193 2340 nostumen

208 2365 328 2431 atquae
347 2354 449 2413 inboe
469 2352 573 2413 mundo
591 2364 655 2411 sunit
675 2351 883 2431 dispensantes.
930 2350 1040 2411 Audite
1062 2372 1135 2429 crgo
1156 2351 1195 2410 ad

207 2438 291 2509 haec,
313 2438 456 2515 quomodo
473 2440 500 2497 in
521 2438 565 2496 bis
583 2440 652 2516 ipsis
677 2456 750 2515 qnae
768 2436 805 2495 ad
827 2436 1029 2516 deceptionem
1056 2438 1195 2515 proponi·

208 2523 287 2593 nitis,
307 2524 436 2581 veritatis
455 2522 613 2583 rationibus
632 2523 830 2597 enufirtemini.
876 2521 981 2581 Dicitis
1004 2524 1073 2600 qnia
1099 2523 1194 2580 locum
1230 2519 1240 2531 ⁸
1284 2522 1289 2528 ’

209 2606 343 2665 Caesaris
362 2612 461 2667 teneat
479 2606 570 2677 deus,
581 2606 706 2665 iudicum
724 2626 795 2667 vcro
816 2608 878 2667 eins
895 2618 926 2665 et
943 2617 1194 2685 potestatumspe·

209 2691 283 2749 ciem
302 2702 420 2750 servent
436 2691 466 2751 hi
485 2693 532 2769 qni
552 2690 684 2751 dicuntur
702 2690 758 2762 dii3
787 2702 902 2751 servate
930 2711 1002 2767 ergo
1028 2702 1061 2750 ut
1085 2710 1194 2769 propo·

209 2773 316 2843 mistis,
338 2776 498 2852 exemplum
518 2774 650 2834 Caesaris
670 2785 700 2833 et
717 2778 839 2846 scitote,
869 2777 934 2855 qnia
960 2778 1036 2835 sicut
1061 2775 1130 2834 nulli
1157 2794 1196 2833 cx

208 2856 349 2917 indicibus
367 2859 413 2917 vel
432 2858 711 2919 administratoribus
728 2860 877 2931 Caesaris,
895 2860 925 2919 id
947 2870 1002 2932 est,
1021 2860 1192 2938 praelectis,

207 2944 253 3001 vel
272 2941 503 3021 proconsulibus,
523 2944 571 3001 vel
589 2942 720 3015 ducibus,
740 2947 786 3008 vel
804 2945 942 3017 tribunis,
962 2946 1006 3003 las
1024 2956 1069 3005 est
1086 2943 1195 3003 Caesa-

207 3029 247 3090 ris
267 3047 371 3087 nomen
389 3028 510 3106 imponi,
529 3029 655 3107 alioquin
674 3041 704 3089 et
723 3030 772 3089 ille
795 3032 842 3108 qui
860 3030 1023 3108 susceperit
1039 3039 1071 3087 ct
1086 3028 1127 3088 illi
1146 3029 1194 3105 qni

208 3112 374 3184 detulerint,
396 3114 506 3191 pariter
523 3115 695 3175 interibant:
721 3116 761 3173 ita
779 3126 810 3173 ct
828 3114 863 3173 de
882 3115 938 3173 hoe
957 3113 1069 3174 debetis
1090 3112 1195 3172 adver-

208 3210 283 3269 tere,
307 3198 423 3278 quodsi
444 3199 505 3277 quis
524 3219 628 3259 nemen
643 3198 694 3273 dei
713 3200 798 3258 alicui
817 3199 1128 3280 quampraeteripsnm
1142 3198 1195 3256 im·

207 3284 348 3360 posuerit,
370 3294 400 3341 st
418 3284 466 3342 ille
485 3285 644 3361 receperit,
667 3304 749 3341 unum
768 3281 947 3361 eundemque
974 3284 1132 3341 sortientur
1150 3283 1194 3337 in·

208 3368 336 3437 teritum,
358 3368 445 3425 multo
465 3366 612 3427 deteriore
632 3378 711 3427 sorte
730 3387 813 3445 quam
830 3368 952 3426 ministri
971 3366 1116 3425 Caesaris.
1138 3365 1194 3424 llic

209 3452 284 3511 enim
305 3452 351 3528 qui
371 3450 491 3529 deliquit
509 3454 537 3513 in
556 3452 724 3522 Caesarem,
744 3452 889 3512 interitum
917 3452 1055 3529 stmcipiet
1081 3460 1195 3525 tompo-

207 3535 311 3606 ratem,
332 3535 378 3612 qui
397 3554 466 3593 vero
487 3538 514 3595 in
532 3558 616 3595 unum
636 3538 684 3615 qul
701 3537 780 3596 solus
798 3546 829 3595 et
846 3554 932 3597 verns
951 3546 996 3595 est
1013 3533 1084 3595 turs
1102 3532 1196 3594 delia·

208 3620 279 3695 quit,
300 3621 329 3678 in
349 3621 494 3677 soeculum
521 3621 581 3678 luet
606 3641 726 3698 poenas,
756 3621 930 3689 etmerito,
956 3630 990 3677 nt
1015 3620 1062 3697 qui
1089 3635 1195 3677 nomen

209 3702 286 3789 quod
305 3714 349 3763 est
368 3704 480 3763 unicum
500 3705 635 3762 iniuriosa
655 3704 821 3765 conditione
840 3704 1002 3763 violaverit.

251 3786 306 3852 20.
355 3788 488 3859 Quamvis
507 3788 561 3845 boc
580 3789 683 3864 ipsum,
704 3788 785 3857 dens,
806 3809 863 3851 non
881 3806 985 3849 nomen
1004 3788 1042 3845 sit
1059 3784 1117 3855 dci,
1142 3784 1197 3844 sed

209 3869 369 3929 bominibus
388 3872 506 3931 interim
524 3870 692 3959 vocabulum
710 3871 787 3931 istud
804 3873 884 3949 quasi
911 3890 976 3949 pro.
991 3871 1107 3930 nomine
1134 3870 1197 3933 ctu
