2634 4400
692 281 738 343 54

226 493 305 549 tione
333 484 523 560 Hierusalem,¹
553 507 610 546 non
637 499 733 547 tumen
758 489 884 565 ingressi
901 489 1046 548 ciuitatem
1065 491 1208 569 ipsorum,

226 574 277 634 sed
288 573 402 654 publice
421 567 610 652 disputantes,
631 572 750 632 Scribas
764 584 876 633 vernet
886 573 1057 633 Pburisaens
1068 574 1104 634 de
1114 595 1210 678 regne

226 662 386 730 sociorum,
407 658 562 737 discipulos
581 658 726 729 iohannis,
755 675 792 717 nc
809 657 972 717 scandalum
990 665 1187 737 paterentur'
1179 683 1209 720 ιιι

226 745 364 814 iohanne,
375 757 496 804 umnam
506 763 577 801 uero
596 744 743 822 populum,
763 740 928 822 quindenus
946 755 992 802 est
1009 744 1140 804 Gbristns
1157 767 1209 805 ae-

225 833 335 890 ternus.
381 827 428 888 Ad
446 826 571 886 ultimum
590 839 685 887 sutem
704 829 799 886 monui
817 847 881 900 ens,
910 839 941 886 ut
958 830 1120 908 prinsquam
1139 850 1208 909 pro-

225 913 415 1016 grederemur
432 912 468 972 ad
487 915 590 990 gentos
608 911 780 990 praedicare
798 914 842 971 eis
859 913 1205 993 agnitionemdeipatris‚
1305 904 1306 917 ¹

224 1001 278 1078 ipsu
272 1000 553 1060 reconciliarentur
564 996 618 1056 rien
628 996 819 1075 suscipientes
829 998 914 1056 biium
926 999 997 1056 cius.
1027 998 1207 1060 Aliterenim
1305 1006 1306 1019 ¹

201 1087 302 1143 ιιιιΙΙο
322 1081 406 1141 modo
426 1099 477 1140 eos
496 1081 631 1142 ostendi
627 1101 714 1160 posse
732 1083 848 1154 sabuti,
868 1083 923 1140 nisi
942 1086 1105 1161 persancti
1124 1087 1207 1163 spiri-

187 1163 194 1211 i
224 1179 270 1226 tus
296 1169 417 1245 gratiam
444 1165 537 1226 trinae
565 1167 754 1227 invocationis
780 1166 849 1226 dilui
875 1167 1045 1246 baptismate
1067 1189 1207 1270 prqpcua

185 1219 192 1325 i
224 1263 301 1323 rent,
322 1255 350 1326 Ι)
371 1264 401 1312 et
418 1252 625 1312 Eucharistiam
646 1253 752 1310 Christi
771 1251 877 1311 domini
895 1264 1053 1324 sumerent,
1073 1255 1121 1312 cui
1139 1256 1206 1323 soii,

184 1338 190 1414 i
225 1337 261 1396 ric
280 1339 323 1396 bis
342 1355 415 1416 quac
434 1337 532 1396 docuit
551 1336 673 1396 credere
692 1336 845 1409 deberent,-
864 1348 896 1396 ut
913 1338 955 1396 sie
973 1349 1121 1396 aeternam
1132 1341 1207 1397 sniu-

225 1435 284 1482 tem
310 1425 448 1502 consequi
475 1433 669 1494 mererentur,
689 1418 774 1482 aliter
800 1437 872 1481 uero
890 1420 1067 1501 impossibiie
1089 1443 1208 1502 prorsus

224 1526 291 1568 csse
309 1505 497 1568 reconciliari
516 1527 568 1567 eos
587 1507 654 1580 deu,
685 1509 813 1566 etiamsi
832 1504 909 1566 mille
927 1505 956 1566 ei
974 1527 1040 1566 aras
1056 1520 1089 1567 et
1105 1509 1209 1567 niteris
1307 1500 1308 1511 ¹

224 1595 302 1653 miiie
321 1593 509 1653 succendant.

265 1677 321 1736 tid.
369 1678 431 1736 Nos
459 1680 545 1747 cuim,
575 1679 699 1754 inquam,
729 1697 783 1754 pro
801 1688 883 1735 certo
903 1679 1110 1756 comperimus,
1131 1636 1209 1756 qnod

183 1799 186 1808 ·
221 1775 313 1841 ‘suuper
330 1762 480 1822 sacrificiis
499 1762 705 1840 quaesissetis,
725 1762 1206 1841 muitomugisexasperaturdens,

225 1845 430 1906 saembcmnrm
441 1857 570 1925 tempore
581 1845 864 1924 duntaxatexptetu.⁸
875 1847 1047 1926 thurauns
1056 1867 1113 1905 non
1123 1849 1210 1906 tuitus
1308 1890 1309 1901 a

224 1949 399 2009 agnoscere,
419 1951 564 1989 emensum
584 1949 649 1988 essu
668 1930 722 1989 iam
741 1939 852 2011 tempus
870 1932 978 1990 bestias
993 1931 1149 2003 offerendi,
1169 1929 1209 1991 nb
1308 1962 1309 1987 ι

225 2018 280 2074 boc
299 2015 465 2076 destruetur
481 2011 513 2074 ¹et
529 2015 675 2094 tempium,
695 2027 727 2073 et
743 2016 916 2076 abominatio
938 2015 1126 2075 desudationis
1148 2028 1208 2075 sta·

225 2113 322 2160 tuetur
342 2102 371 2159 in
390 2101 457 2158 ioco
475 2111 587 2172 sanctu,
609 2111 638 2159 et
655 2111 724 2158 tuuc
742 2099 875 2178 gentibus
890 2097 1075 2178 Evangeiinm
1093 2101 1209 2180 proedi-

226 2185 337 2245 cabitur
354 2184 390 2245 ad
417 2187 607 2245 testimonium
624 2186 727 2257 uestri,
751 2196 782 2245 ut
800 2206 838 2245 ex
854 2185 966 2245 ἱΙΙοιιιιιι
986 2185 1146 2264 iidevestra
1159 2188 1209 2263 in⁸
1309 2207 1310 2228 ι

226 2270 349 2348 iideiitss
367 2270 519 2349 iudicetur.
568 2266 665 2331 Omnis
692 2269 798 2331 etenim
815 2270 935 2330 mundns
957 2271 1078 2330 divensis
1095 2284 1210 2351 tempo-
1309 2275 1310 2282 ’

225 2358 303 2415 ribus
322 2355 450 2416 diuersus
468 2355 592 2415 malitiae
610 2356 808 2434 aegritudines
825 2353 947 2435 patitur,
971 2358 1017 2415 vei
1035 2376 1089 2435 per
1106 2375 1209 2415 omnes

226 2442 414 2519 generaliter,
434 2441 479 2500 sci
498 2460 551 2521 per
568 2442 697 2519 singulos
724 2462 853 2520 quosque
876 2438 1058 2521 specialiter,
1088 2453 1119 2500 ct
1139 2442 1208 2500 ideo

224 2526 337 2605 indiget
355 2525 479 2599 medico,
501 2522 547 2604 qui
567 2545 629 2587 cum
643 2528 741 2585 visitet
757 2526 794 2585 ad
813 2528 943 2586 sulutem.
968 2526 1031 2585 Nos
1049 2546 1122 2604 ergo
1139 2546 1209 2606 pro·-

225 2617 364 2670 testamur
381 2612 478 2682 uobis,
507 2621 538 2669 et
556 2610 632 2689 qnod
650 2630 876 2689 unumquenque
892 2621 1018 2671 uestrum
1036 2610 1119 2671 iutuit
1136 2630 1209 2671 unu·

224 2698 338 2757 ciamus.
384 2696 518 2756 Vestrum
538 2707 583 2755 est
601 2691 864 2774 delibet-aremii!
881 2693 1018 2775 expediat
1033 2693 1128 2757 vobis.
1170 2700 1174 2707 '
1207 2756 1210 2763 ,

266 2780 324 2840 ott.
372 2781 422 2840 His
447 2800 464 2839 a
491 2794 537 2840 mc
555 2780 651 2854 dietis,
671 2777 812 2859 ingemuit
828 2779 920 2839 omnis
941 2781 1091 2841 mnititndn
1108 2800 1209 2841 uncer-

224 2866 335 2938 dotum‚
354 2866 430 2945 quod
450 2869 492 2925 eis
511 2866 547 2925 de
570 2868 668 2946 tempii
686 2866 873 2925 subversione
890 2861 1095 2945 praedixerim.
1124 2862 1209 2941 Quod

220 2968 288 3011 cum
307 2951 427 3011 vidisset
446 2952 582 3012 Gamaiiei
623 2952 740 3031 rineeps
757 2951 869 3031 popuii,
890 2953 950 3030 (qui
974 2952 1099 3011 latenter
1115 2954 1208 3011 irater

224 3048 326 3095 noster
343 3049 406 3096 erat
424 3040 451 3095 in
471 3038 540 3110 tide,
561 2974 622 3097 sed
630 3037 754 3099 consitio
773 3038 960 3095 nostruinter
977 3053 1029 3096 eos
1047 3044 1123 3112 erat)
1141 3036 1207 3116 quia

224 3120 309 3182 vaide
328 3123 487 3183 fremerent
509 3134 539 3181 nt
561 3125 672 3201 ingenti
698 3120 849 3181 adversum
867 3142 921 3181 nos
938 3123 1037 3181 surore
1055 3140 1207 3181 moveren-

225 3206 283 3279 tur,
302 3208 463 3284 adsurgens
485 3208 541 3265 uit:
570 3210 719 3278 Quiesuita
736 3209 909 3287 pandique,
933 3228 952 3264 u
968 3209 1023 3265 viri
1042 3207 1204 3279 israelitam

224 3310 284 3349 nun
306 3294 381 3349 enim
399 3292 549 3349 advertitis
558 3294 746 3351 tentationum
769 3312 843 3371 quae
861 3292 988 3351 imminet
1004 3290 1097 3361 uobis,
1118 3312 1207 3371 prop·

225 3386 273 3431 ter
291 3374 365 3451 quud
391 3372 516 3432 desinite
544 3374 578 3430 ab
598 3374 759 3432 bominibus
774 3380 850 3449 istis,
871 3389 902 3436 et
919 3373 943 3436 si
962 3375 1074 3455 quidem
1092 3377 1206 3435 bumnni

227 3460 339 3517 consilii
358 3470 403 3517 ost
429 3456 504 3537 qnod
531 3460 864 3536 manantiumque,
884 3464 909 3520 si
927 3474 1021 3521 nutem
1037 3480 1056 3518 a
1072 3460 1129 3517 deo
1148 3473 1205 3532 est,

227 3562 279 3602 eur
301 3544 367 3602 sine
382 3564 483 3603 caussa
502 3546 630 3623 peccatis
648 3564 703 3603 nee
722 3546 1043 3624 proficitisqnidquami
1065 3543 1120 3601 Dei
1130 3546 1206 3603 enim

226 3630 400 3689 uoluntatem
419 3632 480 3709 quis
499 3638 595 3708 potest
617 3632 776 3711 superaret
793 3628 876 3690 Nunc
894 3648 980 3707 crgo,
998 3629 1130 3708 quoniam
1144 3632 1208 3707 qui·
1290 3646 1295 3652 ·

227 3808 437 3819 ι-ω--φ-μ-

265 3900 289 3959 ¹)
307 3900 477 3951 Eteueber.
495 3924 529 3935 -
552 3900 847 3948 sumerentdesuntin
859 3898 992 3963 eodbipe.
1002 3906 1025 3950 1.
