2634 4400
611 258 656 318 27

527 349 739 376 ..W-m.

143 459 304 540 propbeta?
325 458 395 518 Tum
414 457 564 519 subridens
583 451 701 520 Pnt'rus:
727 459 897 540 Siprimus,
917 462 1019 540 inquit,
1038 461 1124 521 bomo

143 545 337 624 prophetavit,
367 555 476 604 certum
504 543 645 624 estquod
673 557 703 605 et
730 557 831 605 unctus
849 548 897 605 sit.
944 545 1030 606 Licet
1048 548 1124 606 enim

142 632 307 689 unctionem
324 627 401 688 'itttus
419 630 531 687 siluerit
549 629 610 700 ilie,
631 631 678 709 qui
697 631 792 707 legem
811 631 839 689 in
858 632 971 711 paginis
981 630 1122 702 coadidit,

143 714 226 774 nobis
252 724 346 772 umen
373 713 561 790 intelligenda
587 714 659 773 baec
687 713 838 774 evidenter
863 716 989 794 reliquit.
1041 715 1124 774 Sient

142 800 229 869 enim,
250 799 274 855 si
293 808 406 856 unctum
426 817 488 856 eum
508 797 638 869 dixisset,
669 820 725 858 non
752 798 932 860 dubitaretur
950 810 981 859 et
997 799 1124 878 propbe-

141 893 199 941 tam
227 902 290 942 eum
317 882 416 953 inisse,
446 883 558 942 etiamsi
584 884 721 960 scripturn
744 904 801 942 non
828 895 907 944 esset
933 886 961 942 in
979 885 1063 962 leget
1084 886 1124 943 ita
1141 907 1153 925 ·

141 986 205 1035 cum
225 978 333 1026 certum
351 969 389 1025 sit
407 987 470 1026 cum
489 966 657 1046 prophetam
677 969 777 1039 inisse,
797 970 929 1028 similiter
951 979 1060 1027 certum
1078 979 1123 1028 est

142 1062 173 1110 et
190 1048 265 1130 quod
284 1062 384 1110 unctus
402 1053 450 1122 sit,
471 1053 537 1128 qnia
554 1054 616 1110 sinc
635 1063 781 1129 unguento
801 1053 975 1132 prophetare
994 1074 1050 1110 non
1069 1073 1123 1131 po·

140 1147 228 1196 terat.
274 1135 381 1196 Verum
408 1136 464 1195 boc
491 1137 582 1214 magis
610 1135 710 1196 dicere
738 1147 765 1195 te
785 1139 927 1216 oportuit,
956 1139 981 1195 si
1000 1137 1123 1196 chrisma

140 1232 204 1280 arte
222 1221 401 1300 myropolieu
424 1223 610 1299 compositum
630 1231 675 1280 est
699 1221 735 1279 ab
754 1220 865 1293 Aaron,
895 1220 1037 1301 quomodo
1063 1223 1123 1300 pri-

141 1325 202 1366 mus
220 1305 304 1364 bomo
323 1307 445 1383 perungi
463 1307 556 1384 potuit
574 1301 721 1382 unguento
739 1318 819 1377 ante,
839 1308 1057 1385 compositionis
1075 1326 1122 1365 ar·
1181 1307 1185 1313 '

139 1389 216 1448 tibus
233 1389 356 1448 nondum
375 1391 517 1468 repertis?
535 1389 573 1448 Et
590 1409 646 1468 ego
666 1390 819 1469 respondi:
839 1390 904 1449 Non
915 1411 960 1451 me
974 1389 1120 1462 traducas,

140 1473 243 1547 Petro,
268 1495 324 1534 nou
343 1475 418 1534 enim
437 1473 472 1533 de
492 1484 638 1551 unguento
656 1476 817 1554 composito
836 1486 867 1533 et
884 1476 1035 1553 temporali
1054 1475 1121 1534 oleo

139 1560 254 1638 loquor,
273 1557 326 1618 sed
344 1556 380 1618 de
400 1558 448 1617 iilo
466 1559 588 1636 simplici
607 1568 637 1617 et
654 1569 792 1630 aeterno,
813 1557 888 1637 quod
906 1579 924 1616 a
941 1559 997 1617 deo
1016 1561 1121 1618 factum

139 1663 204 1703 csse
224 1642 362 1713 docuisti,
383 1639 419 1700 ad
437 1644 517 1702 cuius
535 1643 746 1703 similitudinem
766 1642 841 1703 istud
859 1645 1046 1724 compositum
1057 1663 1121 1704 esse

138 1728 176 1786 ab
194 1727 354 1786 bominibus
372 1726 456 1788 dicis.
662 1783 665 1788 .

180 1811 237 1872 48.
283 1811 322 1871 Et
331 1811 431 1871 Petrus
441 1810 477 1871 ad
486 1812 571 1885 baec,
584 1824 614 1872 ut
624 1811 785 1885 ridebatur,
797 1813 964 1892 indignans:
986 1812 1058 1888 Quid
1068 1833 1121 1892 pn-

138 1909 194 1968 tas,
216 1897 365 1968 Clemens,
395 1899 460 1976 quia
478 1917 577 1958 omnes
596 1900 690 1957 omnia
709 1910 775 1958 ante
794 1910 905 1978 tempus
923 1900 1000 1958 scire
1018 1918 1121 1978 possu-

138 1985 218 2042 mus't
237 1979 296 2041 Sed
307 2001 380 2041 nunc
400 1983 486 2042 utine
505 2002 522 2040 a
540 1985 691 2062 proposito
701 2003 834 2043 sermone
848 1982 1029 2055 recedamus,
1050 1984 1121 2059 alias

138 2067 207 2138 tibi,
232 2085 295 2126 cum
322 2067 470 2146 proiectus
489 2078 553 2127 tuus
572 2069 738 2128 manifestus
756 2070 855 2141 fuerit,
876 2068 912 2128 de
931 2068 975 2127 bis
992 2070 1120 2146 apertius

138 2169 325 2231 exponemus.
375 2151 454 2211 Tunc
482 2163 575 2213 autem
602 2165 750 2233 unguento
777 2156 937 2232 composito
964 2163 1120 2233 perunctus

136 2238 270 2319 pontifex
279 2238 324 2297 ved
335 2237 489 2317 propbeta,
510 2236 659 2298 deialtare
675 2238 855 2298 succendens
873 2241 902 2296 in
921 2240 998 2297 omui
1015 2236 1120 2296 mundo

138 2323 232 2381 cimus
250 2322 419 2381 habebatur.
465 2320 526 2381 Sed
543 2334 610 2401 post
626 2322 726 2381 Aaron
745 2325 791 2401 qni
810 2324 941 2401 pontifex
959 2324 1027 2392 tuit,
1048 2322 1120 2380 atius

138 2427 176 2467 ex
201 2408 281 2485 aquis
308 2405 475 2478 adsumitur,
509 2426 565 2465 non
592 2406 713 2485 Moysen
741 2406 824 2477 dico,
853 2405 905 2466 sed
923 2406 1001 2464 iilum
1025 2406 1119 2483 quiin

137 2494 223 2571 aquis
243 2492 376 2573 baptismi
403 2491 476 2549 iilius
495 2511 512 2550 a
530 2490 586 2551 deo
612 2492 773 2571 appodiatus
791 2502 846 2550 est.
894 2490 972 2549 iesus
999 2510 1119 2568 namque

137 2588 193 2647 est,
214 2578 260 2655 qui
279 2578 374 2654 ignem
393 2576 468 2634 ilium
488 2596 571 2655 quem
590 2576 770 2635 accendebat
787 2576 918 2655 pont-ifex
936 2596 989 2654 pro
1012 2594 1119 2653 pecca·
1175 2586 1180 2590 ’

136 2663 186 2731 tis,
203 2663 343 2720 restinxit
360 2681 414 2740 per
431 2660 563 2740 baptismi
582 2664 721 2739 gratiam3
742 2681 778 2720 ex
797 2682 852 2739 quo
872 2662 946 2721 enim
965 2660 1011 2718 bic
1030 2680 1119 2739 appa-

136 2746 205 2817 ruit,
235 2748 360 2805 cessavit
377 2746 512 2817 cbrisma,
541 2766 595 2826 por
613 2746 690 2827 quod
707 2746 892 2829 ppntifieatos
910 2742 1116 2827 praebebatur,

134 2832 182 2890 v'ei
201 2831 363 2909 prophetia,
382 2832 428 2891 vel
447 2851 577 2909 regnum.

177 2914 234 2973 49.
281 2915 362 2975 Hune
381 2918 470 2993 igitur
487 2917 636 2975 affuturum
655 2915 799 2995 praedixit
816 2914 946 2996 Moyses,
967 2916 1013 2994 qui
1023 2914 1118 2992 legem

76 3014 80 3021 ·
135 2999 185 3059 dei
202 2999 363 3058 bominibus
381 2999 514 3074 tradidit3
543 2999 595 3061 sed
619 3012 649 3061 et
675 2999 747 3061 aiios
765 3012 831 3060 ante
850 3002 953 3079 ipsum,
973 2999 1119 3058 sicuttibi

61 3126 67 3133 -
135 3095 168 3146 et
186 3093 260 3141 ante
287 3086 342 3141 iam
361 3083 478 3143 tradidi.
524 3084 589 3163 lpse
619 3105 692 3163 ergo
719 3084 857 3143 indicavit
883 3104 947 3143 eum
969 3094 1117 3143 venturum

135 3168 230 3249 primo
259 3165 371 3245 quidem
399 3166 522 3227 adventu
544 3169 690 3239 bumiiem,
711 3166 839 3227 secundo
865 3188 937 3226 vero
960 3166 1117 3245 gloriosum
1172 3204 1177 3209 «

133 3254 173 3314 lit
198 3252 305 3330 primns
332 3248 444 3331 quidem
472 3254 532 3327 iam*
554 3253 686 3331 impietus
705 3263 760 3323 est,
781 3271 844 3310 cnm
862 3252 941 3311 venit
959 3263 989 3311 et
1006 3250 1115 3323 docuit,

134 3349 167 3397 et
183 3336 270 3397 iudex
290 3338 411 3396 omnium
431 3336 571 3398 iudicatos
590 3348 644 3409 est,
666 3355 700 3396 ac
715 3348 871 3416 peremtus.
901 3335 1037 3396 Secundo
1047 3356 1117 3396 vero

134 3421 259 3481 adventu
286 3420 462 3481 iudicaturus
487 3422 633 3494 adveniet,
663 3433 693 3481 et
719 3423 822 3502 impios
849 3422 961 3501 quidem
980 3422 1117 3482 condem·

135 3507 226 3577 nabit,
255 3508 319 3586 pios
345 3526 415 3566 vero
439 3509 466 3565 in
487 3509 660 3567 consortium
680 3510 763 3587 regni
782 3509 1007 3587 societatemque
1026 3509 1117 3566 susei-

135 3594 212 3669 piet.'
236 3590 321 3651 Fides
338 3610 409 3651 vero
428 3592 546 3651 secundi
565 3591 703 3652 adventus
722 3602 835 3652 constat
853 3613 890 3652 ex
908 3595 1012 3672 primo,
1046 3590 1116 3649 Pro·

136 3676 240 3754 pbetae
259 3678 334 3735 enim
353 3675 389 3735 de
408 3680 499 3756 primo
519 3678 607 3736 incuti
625 3687 702 3749 sunt,
732 3689 763 3737 et
789 3680 945 3757 praecipue
971 3676 1059 3735 iacob
1087 3686 1116 3735 et

134 3758 263 3839 Moyses,
293 3763 420 3823 nonnulii
448 3774 542 3822 tamen
562 3764 650 3822 etiam
667 3760 703 3821 de
721 3761 861 3821 secundo.
908 3759 968 3821 Sed
987 3760 1117 3839 magnib-

135 3847 232 3905 eentia
250 3847 420 3926 prophetiae
440 3848 468 3907 in
487 3848 541 3907 boc
561 3850 682 3909 maxime
701 3847 919 3928 comprobator,
935 3843 1025 3925 ‚qood
1046 3844 1114 3905 nibii
1202 3900 1207 3903 .
1278 3832 1283 3839 ’
