2634 4400
602 267 648 326 tttt

520 362 728 374 Muenna-...a-

132 491 274 552 quemquo
302 483 395 532 tomen
422 471 577 532 secundum
598 476 746 552 proprium
765 491 876 541 sensnm
895 473 1114 552 intelligentiam

130 561 207 637 legis
226 559 307 624 huius
325 560 472 640 accipere.
519 558 562 622 ltn
580 560 655 619 enlm
674 559 709 618 ab
737 579 774 618 eo
797 561 845 638 qni
865 559 995 618 mnndum
1014 560 1115 618 eondi-

115 643 187 732 uit,
216 644 322 722 scripta
349 653 404 713 est,
433 654 465 701 ut
490 645 518 701 in
546 643 608 721 ipsa
625 663 721 702 rerum
745 643 816 720 fides
835 644 984 703 habentur.
1033 644 1114 704 Unde

131 730 193 786 sive
213 728 274 806 quis
292 747 373 798 vera,
394 729 454 788 sive
474 729 558 787 etiam
577 728 649 788 falsa
668 729 802 808 prolerre
820 729 906 799 velit,
927 728 1033 807 absque
1060 730 1114 788 hae

131 814 200 895 lege
226 811 303 870 nullo
329 811 487 889 recipietur
514 811 674 871 adsertio.>
700 814 772 885 Quia
799 815 888 890 igitur
912 815 1034 872 seientia
1051 834 1116 874 ntea

130 897 296 976 plenissime
316 914 377 953 enm
398 897 463 973 lege
482 896 653 967 concordat,
674 907 756 955 reete
775 899 877 955 multos
896 915 970 956 esse.
988 918 1115 975 pronon·

46 997 50 1002 ·
131 982 207 1040 cinvi
226 979 308 1050 deos,
329 999 446 1058 quorum
465 1000 535 1038 unns
554 991 599 1046 ost
617 983 790 1044 eminentior
815 991 846 1043 et
868 983 1114 1060 incomprehensi-
1210 1005 1213 1010 ’

130 1065 209 1135 bilis,
230 1066 292 1142 ipse
311 1065 358 1142 qui
376 1074 422 1123 est
448 1063 518 1123 deus
545 1064 676 1124 deormn,
723 1064 806 1138 Quod
832 1076 926 1124 antem
954 1067 1031 1124 multi
1058 1069 1116 1125 sint

131 1148 184 1222 dii,
205 1149 267 1227 lpse
285 1169 329 1208 me
349 1146 466 1208 edocuit
484 1150 541 1212 lex.
588 1149 684 1208 Primo
712 1149 824 1227 quidem
852 1150 899 1208 ulti
927 1170 963 1209 ex
990 1170 1116 1228 persona

130 1234 276 1312 serpentis
295 1233 400 1300 dieitur
417 1231 453 1291 ad
476 1233 576 1305 Evam,
605 1235 724 1310 primam
742 1235 906 1292 mulierem:
923 1237 949 1307 ¹)
982 1236 1115 1306 Quocun-

130 1335 187 1397 que
206 1317 253 1376 die
272 1316 511 1376 manducaveritis
531 1316 567 1376 de
585 1318 664 1394 ligno
683 1317 793 1377 sciendi
812 1318 915 1378 bonnm
942 1330 972 1379 et
999 1321 1112 1389 malum,
1203 1321 1206 1328 '

130 1405 214 1463 critis
232 1404 308 1460 sicut
325 1400 376 1472 dii,
397 1402 451 1460 hoc
471 1413 525 1472 est,
546 1403 621 1461 sieut
639 1402 667 1460 ti
686 1405 734 1480 qui
752 1402 893 1469 hominem
916 1404 1028 1462 leesre.
1059 1403 1114 1461 l’o·

130 1499 196 1546 sten
213 1487 288 1547 enim
307 1506 389 1564 quam
408 1497 560 1563 gustavere
583 1485 619 1544 de
638 1484 732 1562 ligno,
762 1488 824 1564 ipse
843 1485 913 1545 deus
932 1495 1054 1545 testatur
1071 1487 1130 1545 ‹ti-¹

131 1591 202 1630 cens
220 1569 256 1630 ad
274 1571 400 1648 reliquos
419 1569 506 1630 deos:
521 1573 550 1643 2)
595 1571 675 1630 Eece
693 1569 785 1629 Adam
804 1572 1115 1631 laetusestsientunus

131 1676 169 1716 ex
188 1655 281 1715 nobis.
329 1655 379 1714 Sic
398 1674 469 1732 ergo
489 1666 604 1714 constat
620 1656 723 1715 multos
737 1675 802 1716 esse
822 1656 893 1716 deos
911 1657 958 1735 qni
972 1656 1115 1716 hominem

129 1741 269 1811 fecerint,
289 1741 355 1818 quio
373 1750 403 1799 et
420 1740 502 1799 initio
521 1741 562 1800 ita
579 1740 650 1798 dicit
666 1739 738 1805 deus
756 1741 792 1805 ad
820 1751 954 1811 coeteros
981 1740 1068 1801 deos:
1084 1743 1113 1815 ³)

130 1825 280 1884 Faciamus
304 1825 444 1884 hominem
463 1825 500 1884 nd
518 1827 671 1904 imaginem
690 1836 721 1884 et
738 1825 949 1886 similitudinem
976 1836 1113 1886 nostram.

131 1907 193 1968 Sed
220 1921 250 1970 et
277 1908 352 1987 quod
371 1912 471 1981 aim)
503 1910 659 1978 Eiieismus
677 1929 753 1979 eunt,
799 1910 1018 1983 Etiternmzl)
1048 1911 1116 1970 'Ve-

130 1996 191 2053 nite
211 1992 420 2054 descendentes
439 1994 643 2054 confundamus
662 1995 773 2072 lingnns
792 2016 901 2061 eorum.
934 1994 1115 2056 (inniahnee
1204 1991 1214 2017 '

130 2079 234 2138 multos
253 2097 316 2138 esse
336 2077 464 2137 indicant
481 2077 564 2138 deos.
612 2079 673 2138 Sed
700 2091 731 2139 et
756 2079 825 2140 illud
854 2083 991 2160 seriptum
1010 2091 1070 2145 cst:
1085 2078 1114 2154 ⁶)

129 2161 210 2224 Deos
229 2183 285 2224 non
304 2161 471 2234 maledices,
492 2175 523 2225 et
540 2164 700 2243 principem
728 2167 827 2244 populi
854 2167 894 2224 tui
921 2185 978 2225 non
997 2164 1116 2227 maledi-

130 2267 192 2313 ces,
240 2248 277 2307 lit
294 2267 403 2307 rursum
422 2247 498 2326 qnod
512 2250 650 2326 scriptum
671 2260 731 2314 est:
747 2251 775 2322 ²)
813 2248 950 2308 Dominus
968 2250 1046 2308 solos
1064 2248 1116 2307 du-

130 2333 218 2392 cebat
236 2352 299 2402 eos,
320 2343 350 2391 et
368 2342 424 2391 nen
444 2343 507 2392 crat
525 2332 588 2391 eum
607 2334 663 2391 illls
681 2332 753 2392 deus
770 2334 891 2402 ellenns,
921 2333 1024 2393 multos
1038 2352 1115 2397 esse

131 2415 258 2477 ostendit
277 2414 358 2475 deos.
407 2415 480 2475 Sunt
498 2426 528 2475 et
546 2417 602 2475 alia
620 2417 742 2495 plurimo
760 2436 833 2495 quoe
852 2417 977 2495 proferri
996 2427 1117 2494 possunt

130 2521 169 2561 ex
187 2502 253 2578 lege
270 2502 446 2576 testimonia,
466 2520 523 2559 non
542 2502 630 2565 solum
642 2500 831 2572 obsectione,
851 2500 1113 2573 sedctmanilesta,

130 2586 231 2665 quibus
258 2586 336 2657 multi
365 2604 429 2645 esse
457 2583 616 2663 doceantur
639 2584 691 2643 dii.
737 2585 780 2643 Ex
800 2585 899 2664 quibus
917 2606 999 2656 unns,
1019 2595 1051 2643 ut
1069 2585 1115 2643 lu·

130 2669 267 2731 dacorum
285 2670 392 2749 populo
411 2668 481 2729 dens
501 2680 589 2740 esset,
610 2681 689 2729 sorte
708 2670 818 2729 electus
836 2681 891 2729 est.
937 2669 1001 2747 Ego
1019 2681 1115 2735 nutem

129 2774 188 2813 non
207 2756 281 2815 hunc
299 2754 416 2823 adsero,
437 2753 488 2813 sod
507 2756 584 2823 illum
603 2756 650 2832 qni
669 2755 756 2815 etiam
774 2755 855 2813 huius
874 2752 1010 2824 deusest,
1031 2773 1115 2833 quem

128 2858 185 2908 nee
205 2840 258 2917 ipsi
278 2837 390 2917 quidem
410 2838 508 2897 ludaei
527 2849 642 2899 norum.
689 2838 793 2919 Neque
819 2841 894 2903 enim
918 2840 1044 2917 ipsorum
1068 2849 1116 2897 est

129 2922 212 2993 deus,
234 2922 286 2983 sed
305 2942 402 2993 eorum
423 2925 469 3001 qui
488 2925 660 2999 agnoverint
678 2942 755 2983 enm.

60 3078 62 3095 Ι
171 3006 229 3065 40.
276 3006 326 3065 llis
343 3006 447 3065 auditis
466 3006 583 3075 Petrnsa
603 3006 693 3078 Nihil,
721 3009 822 3086 inquit,
850 3010 979 3068 verearis
998 3008 1123 3079 Simon3‘

129 3110 204 3154 ecee
223 3092 298 3149 enim
317 3108 410 3167 neque
429 3108 513 3148 aures
533 3091 695 3160 clausimus,
724 3110 818 3168 neque
845 3093 979 3169 fugimus,
1008 3092 1060 3151 sed
1078 3092 1116 3151 ad

129 3196 166 3235 ea
184 3194 258 3254 quse
276 3174 349 3235 iolso
368 3182 558 3251 prosequutus
577 3192 620 3243 es,
648 3174 779 3233 veritatis
796 3175 975 3234 sermonibus
993 3194 1116 3253 respon,

130 3258 241 3331 demus,
262 3257 331 3317 illud
349 3259 442 3337 primo
459 3255 640 3327 adserentes,
662 3258 727 3337 quin
745 3278 817 3317 nnus
834 3268 880 3317 est
894 3258 975 3329 deus,
995 3260 1116 3337 hieipse

130 3343 314 3414 ludaeorum,
335 3344 383 3423 qui
402 3352 447 3401 est
464 3342 542 3401 solus
561 3339 642 3429 deus,
664 3342 740 3403 coeli
759 3354 876 3403 creator
893 3362 927 3402 ae
939 3354 1046 3415 terroe,
1068 3346 1114 3424 qni

130 3568 345 3591 μ--ιι--ιιὴ

169 3667 361 3729 1)(1οη.3,1.
399 3666 609 3729 ²)Gon.3,22.

167 3734 193 3796 ³)
211 3736 273 3783 Gen.
293 3739 316 3794 1,
337 3739 376 3783 26.
413 3733 439 3794 ⁴)
457 3732 530 3800 [Gen.
550 3738 573 3795 ³,
594 3732 645 3799 tm]

167 3800 193 3862 ⁵)
212 3805 274 3857 Gen.
293 3806 334 3863 11,
353 3806 375 3848 l.
414 3802 439 3862 1)
458 3804 540 3851 Exod.
560 3806 601 3861 22,
623 3806 662 3851 28.

169 3868 194 3930 ⁷)
213 3872 287 3919 Dent.
307 3874 348 3931 ³2,
369 3874 408 3918 12.
