2634 4400
663 279 729 340 aas

587 374 800 388 -ι-ιι--ι--σι-Ι·

205 504 266 578 ipse
286 517 303 556 a
321 494 502 574 passionibus
520 490 594 550 iiber
612 499 668 559 est,
697 505 796 546 verare
824 495 857 542 et
872 484 948 542 aiios
963 482 999 541 ab
1017 483 1061 540 eis
1071 480 1191 538 -iiberos

205 581 310 653 reddit,
332 581 443 639 etiarnsi
461 578 575 634 sintita
593 592 697 651 graves
710 582 742 629 ut
750 569 892 628 montibus
901 577 1115 645 conspuendum
1137 585 1194 643 per

206 668 290 728 iidem
310 685 365 744 spa
383 662 477 722 eredit
494 661 562 732 deo,
584 659 722 716 transfert
748 675 815 725 eas,
843 652 898 712 sed
923 663 954 712 et
980 662 1093 710 urentes
1119 669 1192 709 vere

207 774 270 811 eum
288 749 439 809 arberibus
467 747 536 814 suis,
565 746 589 802 si
617 761 740 802 neeesse
766 742 815 810 sit,
844 758 899 816 per
925 736 1011 796 ddern
1037 737 1191 794 transfert.

208 840 261 910 Qut
279 846 373 895 autern
391 828 635 907 v'ide'tur'ipuidem
646 828 745 886 coiere
756 824 851 894 deuna,
871 822 1028 900 sedereque
1038 819 1193 897 iidepdeua

207 941 300 999 neque
320 919 454 998 operibus
472 913 669 974 mandatorum
686 912 821 980 munitur,
842 907 896 966 sed
910 918 955 967 est
964 916 1118 985 peccator,
1138 925 1194 982 pro

209 1005 338 1085 peccatis
356 1004 450 1061 ineuru
469 999 594 1058 deditio
614 997 769 1073 semetipso
778 992 970 1073 passionibus,
990 989 1195 1069 quaeadpoe·

196 1111 272 1150 ‘narn
283 1089 463 1168 peeeautiunr
480 1084 654 1142 constitutae
672 1091 738 1139 sunt
755 1099 772 1137 a
790 1078 859 1149 deo,
878 1083 909 1138 n't
926 1077 964 1134 ab
982 1076 1026 1134 eis
1044 1094 1099 1153 per
1116 1075 1196 1134 iidata

210 1173 349 1252 supplicia
368 1171 486 1246 exigant
504 1167 600 1226 debita
619 1176 817 1245 peecatorum,
837 1173 868 1222 et
885 1163 1068 1241 purgatiores
1087 1181 1141 1220 eos
1158 1158 1196 1218 ad

210 1257 343 1318 iudicium
363 1253 431 1312 illud
449 1254 571 1312 omnium
591 1250 731 1328 generate
748 1247 920 1327 perducant,
949 1249 973 1304 si
991 1257 1087 1304 manen
1107 1245 1197 1304 easti-

212 1344 356 1422 gatiouesu
375 1359 473 1398 eorum
491 1358 548 1396 nou
568 1336 686 1395 deserat
703 1333 786 1396 iides.
833 1332 907 1396 Nann
925 1330 1081 1390 infidelium
1107 1331 1198 1388 easti-

213 1429 290 1505 gntio
310 1427 338 1484 in
357 1424 503 1504 praesenti
521 1425 578 1484 vita
596 1420 731 1480 iudiciuin
749 1430 805 1488 est,
826 1438 884 1496 qno
901 1418 989 1476 alieni
998 1418 1144 1478 exsistere
1153 1417 1198 1472 iu-

214 1514 322 1590 cipiunt
339 1529 356 1568 a
374 1510 476 1568 suturis
494 1507 593 1578 bonis3
613 1505 697 1566 deum
715 1523 785 1566 uero
804 1503 958 1562 solentium
969 1502 1124 1578 castigatio
1134 1520 1198 1560 nutu

215 1616 267 1674 pro
287 1595 415 1673 peccatis
434 1612 507 1671 quae
526 1590 688 1652 acciderint
706 1591 750 1648 eis
767 1590 905 1657 infertur,
935 1587 1079 1658 commissi
1097 1585 1137 1644 ab
1154 1587 1199 1646 eis

214 1682 306 1757 exigit
324 1678 461 1748 debitum,
480 1687 511 1735 nt
529 1677 751 1755 praevenientes
768 1672 902 1734 iudieiurn
919 1674 948 1730 in
967 1672 1113 1750 praesenti
1133 1689 1200 1728 sae-

215 1767 280 1824 euio
299 1765 412 1843 peceati
431 1761 557 1822 debitum
574 1762 697 1831 solvant,
717 1768 749 1817 et
766 1758 926 1818 liberentur
942 1759 988 1816 vei
998 1775 1037 1816 ex
1046 1766 1129 1834 parte
1138 1775 1201 1814 use-

216 1849 262 1906 dia
279 1849 314 1907 ab
333 1849 472 1916 aeternis,
492 1865 564 1924 quae
582 1847 641 1909 ittie
660 1854 852 1923 praeparatae
870 1854 946 1912 sunt,
966 1843 1080 1920 poenis.
1244 1845 1252 1858 '

258 1931 316 1994 55.
364 1930 422 1990 Sed
441 1931 514 1991 baee
532 1933 572 1990 ita
590 1950 654 1990 esse
673 1951 731 1988 non
749 1929 865 2006 recipit,
886 1929 934 2005 qni
951 1948 1008 1986 non
1032 1925 1129 1985 eredit
1154 1927 1201 1984 fn-

216 2029 309 2081 turum
328 2034 394 2074 esse
411 2013 545 2078 indicium
564 2013 623 2084 dei,
644 2025 675 2072 et
692 2013 730 2073 ob
748 2015 804 2073 boe
826 2014 989 2092 praesentis
1011 2013 1122 2072 meeudi
1149 2032 1202 2070 ro-

218 2099 373 2178 luptatibus
391 2099 545 2177 obligatus,
566 2099 601 2158 ab
620 2100 747 2158 aeternis
766 2097 928 2157 exoiuditur
943 2098 1039 2156 boob.
1078 2097 1115 2154 Et
1133 2095 1202 2156 ideo

218 2206 271 2249 aes
289 2206 345 2245 non
364 2185 534 2262 negligimus
553 2183 725 2263 praedicare
751 2184 848 2254 vobis,
878 2203 952 2262 qnae
973 2182 1058 2243 sabuti
1084 2193 1203 2243 vestrae

218 2274 323 2335 seimus
342 2290 407 2329 esse
434 2272 619 2341 necessaris,
649 2280 681 2329 et
698 2272 745 2349 qui
755 2271 800 2341 sit
817 2288 904 2327 verns
922 2268 969 2327 dei
987 2268 1081 2327 cuitus
1103 2278 1203 2329 osten-

220 2357 302 2423 dero,
323 2368 353 2415 ut
371 2354 527 2419 eredentes
545 2355 601 2417 deo
620 2374 675 2434 per
692 2375 782 2433 opera
798 2354 875 2413 bona
891 2355 1008 2432 possitis
1029 2372 1087 2412 uua
1104 2352 1204 2410 nobis-

221 2458 283 2500 eum
301 2441 389 2499 iuturi
411 2441 520 2502 saeenli
545 2439 690 2501 haeredes
715 2441 870 2499 exsistere.
914 2437 999 2512 Quod
1025 2440 1051 2497 si
1078 2437 1205 2497 nonduin

221 2524 297 2603 apud
314 2544 367 2589 ros
385 2536 494 2587 eertum
514 2535 569 2596 est,
590 2544 660 2584 vera
678 2544 745 2585 esse
763 2544 836 2602 quae
854 2523 986 2593 dicimus,
1015 2524 1130 2583 interint
1149 2542 1205 2600 pro

220 2610 276 2677 boe
295 2610 385 2686 primo
404 2623 461 2665 uon
480 2608 592 2669 debetis
610 2628 702 2686 aegre
720 2610 858 2687 aeeipere
876 2621 906 2669 et
924 2610 1021 2667 infesti
1040 2627 1117 2676 esse,
1138 2608 1206 2684 qnia

222 2711 294 2771 quse
312 2691 546 2770 putamus‘bona‚
567 2695 639 2755 baee
657 2694 740 2756 vobis
757 2691 965 2764 adnuntiamus,
986 2704 1016 2751 et
1034 2691 1206 2772 quodnobis

222 2777 346 2837 salutare
365 2796 431 2837 esse
450 2776 604 2847 eredimus,
623 2780 684 2837 boe·
698 2780 784 2837 etiarn
800 2779 883 2837 vobis
900 2780 1037 2839 conferre
1056 2798 1114 2837 nou
1131 2778 1206 2836 invi-

223 2860 333 2930 demus,
354 2862 430 2918 omui
448 2872 479 2919 ut
496 2860 567 2932 dixi,
587 2860 682 2919 studio
700 2861 875 2934 laborantes,
897 2862 1207 2941 quoeobaeredesvos

222 2946 382 3014 bonorum,
411 2963 484 3023 quae
511 2946 565 3025 ipsi
592 2945 676 3005 uobis
701 2956 840 3005 eventura
857 2948 1016 3016 credimus3
1036 2948 1205 3007 babeamus.

226 3029 323 3101 Utrum
341 3040 435 3088 autem
453 3050 505 3108 pro
525 3041 607 3089 certo
625 3050 695 3090 vera
712 3030 770 3089 sint
787 3044 860 3108 quae
886 3030 1084 3091 adnuntiatus
1108 3032 1205 3099 o'obis,

199 3124 201 3127 '
224 3136 281 3175 non
300 3115 385 3177 aliter
403 3117 479 3175 seire
498 3116 643 3193 poteritis,
664 3116 719 3175 nisi
736 3125 768 3173 ut
784 3114 955 3174 obedientes
974 3116 1109 3193 hisquae
1127 3135 1208 3175 man-

225 3200 339 3270 dantur,
360 3202 421 3278 ipso
440 3220 535 3259 rerum
553 3202 631 3259 exitu
650 3209 681 3259 et
697 3197 880 3257 beatitudinis
899 3202 1060 3258 certissimo
1079 3200 1136 3260 tine
1156 3198 1209 3259 do*

226 3302 358 3343 eearnrnr.
464 3302 466 3311 ⁴
564 3299 675 3307 ··
803 3299 884 3343 ¹,
1004 3294 1007 3298 ’

267 3366 324 3425 ὅθ.
370 3368 408 3424 us
426 3369 492 3429 ideo
512 3369 622 3427 etiamsi
641 3368 734 3427 iatens
759 3368 933 3431 intrinsecos
958 3389 1078 3447 serpeus
1105 3388 1209 3429 sensus

226 3460 339 3509 vestros
356 3452 433 3510 mitte
451 3450 624 3530 depravandi
651 3453 760 3512 artibus
786 3464 921 3531 occupet,
950 3464 981 3512 et
995 3453 1210 3532 ‘iupedimenta
1314 3503 1315 3506 ,

227 3533 464 3606 aduenticia,
485 3536 585 3613 quibos
603 3558 619 3594 a
638 3538 755 3598 satutari
773 3538 905 3601 doctrina
927 3550 1053 3597 vestrum
1081 3538 1211 3599 declinet

228 3618 364 3690 auditum,
385 3639 421 3678 eo
440 3621 530 3699 magis
548 3620 691 3681 obsistere
710 3625 737 3683 ei
756 3622 880 3692 debetis,
901 3634 932 3681 et
948 3624 1054 3701 spretis
1067 3625 1210 3699 einssug·

229 3704 406 3781 gestienibus
424 3704 460 3763 ad
477 3704 646 3765 audiendum
665 3728 683 3765 ιι
700 3708 782 3767 nobis
800 3707 917 3767 verboru
939 3707 1209 3785 suscipiendamque

229 3788 387 3850 doctrinam
405 3791 583 3869 frequentius
602 3794 770 3864 convenire,
790 3794 856 3870 quia
875 3812 958 3849 nemo
977 3803 1075 3868 potest
1091 3790 1210 3849 dissere

229 3872 333 3949 aliquid
353 3876 399 3952 qui
418 3893 473 3935 nou
493 3874 625 3935 docetur.
673 3878 799 3953 Cumque
817 3877 889 3935 baec
909 3876 1040 3946 dixisset,
1060 3878 1145 3935 iussit
1153 3876 1211 3935 sibi
