<?xml version="1.0" encoding="UTF-8"?>
<!DOCTYPE html PUBLIC "-//W3C//DTD XHTML 1.0 Transitional//EN"
    "http://www.w3.org/TR/xhtml1/DTD/xhtml1-transitional.dtd">
<html xmlns="http://www.w3.org/1999/xhtml" xml:lang="en" lang="en">
 <head>
  <title>
</title>
<meta http-equiv="Content-Type" content="text/html;charset=utf-8" />
  <meta name='ocr-system' content='tesseract 3.04.00' />
  <meta name='ocr-capabilities' content='ocr_page ocr_carea ocr_par ocr_line ocrx_word'/>
</head>
<body>
  <div class='ocr_page' id='page_1' title='image "./recognitionesru00gersgoog_0141.png"; bbox 0 0 2634 4400; ppageno 0'>
   <div class='ocr_carea' id='block_1_1' title="bbox 513 293 651 396">
    <p class='ocr_par' dir='ltr' id='par_1_1' title="bbox 513 293 651 396">
     <span class='ocr_line' id='line_1_1' title="bbox 513 293 651 396; baseline 0.022 -45"><span class='ocrx_word' id='word_1_1' title='bbox 513 293 651 396; x_wconf 35' lang='lat'><strong>*259</strong></span> 
     </span>
    </p>
   </div>
   <div class='ocr_carea' id='block_1_2' title="bbox 37 496 1171 2529">
    <p class='ocr_par' dir='ltr' id='par_1_2' title="bbox 69 496 1171 1341">
     <span class='ocr_line' id='line_1_2' title="bbox 90 496 1111 580; baseline -0.002 -18"><span class='ocrx_word' id='word_1_2' title='bbox 90 563 99 572; x_wconf 71' lang='grc'><strong>,</strong></span> <span class='ocrx_word' id='word_1_3' title='bbox 126 518 298 570; x_wconf 75' lang='lat' dir='ltr'><strong>concessum</strong></span> <span class='ocrx_word' id='word_1_4' title='bbox 317 509 378 572; x_wconf 72' lang='lat' dir='ltr'><strong>est3</strong></span> <span class='ocrx_word' id='word_1_5' title='bbox 399 497 475 580; x_wconf 89' lang='lat' dir='ltr'><strong>quod</strong></span> <span class='ocrx_word' id='word_1_6' title='bbox 493 509 585 558; x_wconf 79' lang='lat' dir='ltr'><strong>tanuen</strong></span> <span class='ocrx_word' id='word_1_7' title='bbox 605 496 720 571; x_wconf 77' lang='lat' dir='ltr'><strong>uldini,</strong></span> <span class='ocrx_word' id='word_1_8' title='bbox 741 499 1111 561; x_wconf 86' lang='lat' dir='ltr'><strong>cumooutnmcliosetrac·</strong></span> 
     </span>
     <span class='ocr_line' id='line_1_3' title="bbox 126 583 1110 663; baseline -0.001 -17"><span class='ocrx_word' id='word_1_9' title='bbox 126 597 216 657; x_wconf 82' lang='lat' dir='ltr'><strong>tatur,</strong></span> <span class='ocrx_word' id='word_1_10' title='bbox 230 583 278 644; x_wconf 67' lang='lat' dir='ltr'><strong>&#39;ad</strong></span> <span class='ocrx_word' id='word_1_11' title='bbox 295 585 357 644; x_wconf 88' lang='lat' dir='ltr'><strong>veri</strong></span> <span class='ocrx_word' id='word_1_12' title='bbox 376 585 437 645; x_wconf 89' lang='lat' dir='ltr'><strong>eius</strong></span> <span class='ocrx_word' id='word_1_13' title='bbox 456 585 577 642; x_wconf 82' lang='lat' dir='ltr'><strong>nominis</strong></span> <span class='ocrx_word' id='word_1_14' title='bbox 595 585 723 642; x_wconf 83' lang='lat' dir='ltr'><strong>refertur</strong></span> <span class='ocrx_word' id='word_1_15' title='bbox 739 585 881 644; x_wconf 85' lang='lat' dir='ltr'><strong>iniuriam.</strong></span> <span class='ocrx_word' id='word_1_16' title='bbox 911 585 1041 663; x_wconf 87' lang='lat' dir='ltr'><strong>Denique</strong></span> <span class='ocrx_word' id='word_1_17' title='bbox 1059 606 1110 645; x_wconf 86' lang='lat' dir='ltr'><strong>vc·</strong></span> 
     </span>
     <span class='ocr_line' id='line_1_4' title="bbox 125 667 1111 748; baseline 0 -18"><span class='ocrx_word' id='word_1_18' title='bbox 125 683 208 730; x_wconf 88' lang='lat' dir='ltr'><strong>teres</strong></span> <span class='ocrx_word' id='word_1_19' title='bbox 226 667 448 748; x_wconf 75' lang='lat' dir='ltr'><strong>Aegyptiorum,</strong></span> <span class='ocrx_word' id='word_1_20' title='bbox 471 669 572 746; x_wconf 91' lang='lat' dir='ltr'><strong>quide</strong></span> <span class='ocrx_word' id='word_1_21' title='bbox 592 669 714 728; x_wconf 88' lang='lat' dir='ltr'><strong>coelesti</strong></span> <span class='ocrx_word' id='word_1_22' title='bbox 733 688 817 728; x_wconf 87' lang='lat' dir='ltr'><strong>cursu</strong></span> <span class='ocrx_word' id='word_1_23' title='bbox 835 680 866 728; x_wconf 91' lang='lat' dir='ltr'><strong>et</strong></span> <span class='ocrx_word' id='word_1_24' title='bbox 890 682 1032 730; x_wconf 76' lang='lat' dir='ltr'>astrorum</span> <span class='ocrx_word' id='word_1_25' title='bbox 1059 690 1111 730; x_wconf 86' lang='lat' dir='ltr'><strong>na·</strong></span> 
     </span>
     <span class='ocr_line' id='line_1_5' title="bbox 125 754 1109 832; baseline 0 -18"><span class='ocrx_word' id='word_1_26' title='bbox 125 767 193 814; x_wconf 87' lang='lat' dir='ltr'><strong>tura</strong></span> <span class='ocrx_word' id='word_1_27' title='bbox 210 755 351 812; x_wconf 86' lang='lat' dir='ltr'><strong>rationem</strong></span> <span class='ocrx_word' id='word_1_28' title='bbox 371 755 425 812; x_wconf 89' lang='lat' dir='ltr'><strong>sibi</strong></span> <span class='ocrx_word' id='word_1_29' title='bbox 443 755 496 815; x_wconf 91' lang='lat' dir='ltr'><strong>visi</strong></span> <span class='ocrx_word' id='word_1_30' title='bbox 514 763 579 812; x_wconf 88' lang='lat' dir='ltr'><strong>sunt</strong></span> <span class='ocrx_word' id='word_1_31' title='bbox 597 754 754 832; x_wconf 84' lang='lat' dir='ltr'><strong>reperisse,</strong></span> <span class='ocrx_word' id='word_1_32' title='bbox 775 754 924 814; x_wconf 77' lang='lat' dir='ltr'><strong>obsidente</strong></span> <span class='ocrx_word' id='word_1_33' title='bbox 943 773 1046 814; x_wconf 89' lang='lat' dir='ltr'><strong>sensus</strong></span> <span class='ocrx_word' id='word_1_34' title='bbox 1058 775 1109 814; x_wconf 92' lang='lat' dir='ltr'><strong>co-</strong></span> 
     </span>
     <span class='ocr_line' id='line_1_6' title="bbox 69 838 1114 912; baseline 0.003 -13"><span class='ocrx_word' id='word_1_35' title='bbox 69 861 75 869; x_wconf 63' lang='lat'><em>¹</em></span> <span class='ocrx_word' id='word_1_36' title='bbox 124 861 189 900; x_wconf 85' lang='lat' dir='ltr'><strong>ram</strong></span> <span class='ocrx_word' id='word_1_37' title='bbox 208 839 359 909; x_wconf 80' lang='lat' dir='ltr'><strong>daemone,</strong></span> <span class='ocrx_word' id='word_1_38' title='bbox 380 839 509 898; x_wconf 87' lang='lat' dir='ltr'><strong>omnibus</strong></span> <span class='ocrx_word' id='word_1_39' title='bbox 527 839 707 898; x_wconf 87' lang='lat' dir='ltr'><strong>nihilominus</strong></span> <span class='ocrx_word' id='word_1_40' title='bbox 730 838 909 912; x_wconf 87' lang='lat' dir='ltr'><strong>contumeliis</strong></span> <span class='ocrx_word' id='word_1_41' title='bbox 935 859 1038 898; x_wconf 89' lang='lat' dir='ltr'><strong>nomen</strong></span> <span class='ocrx_word' id='word_1_42' title='bbox 1066 841 1114 902; x_wconf 90' lang='lat' dir='ltr'><strong>iu·.</strong></span> 
     </span>
     <span class='ocr_line' id='line_1_7' title="bbox 126 923 1171 1002; baseline -0.007 -18"><span class='ocrx_word' id='word_1_43' title='bbox 126 924 364 995; x_wconf 63' lang='lat' dir='ltr'><strong>communicabile</strong></span> <span class='ocrx_word' id='word_1_44' title='bbox 383 923 577 985; x_wconf 81' lang='lat' dir='ltr'><strong>subiecerunt.</strong></span> <span class='ocrx_word' id='word_1_45' title='bbox 622 923 696 987; x_wconf 76' lang='lat' dir='ltr'><strong>Nan</strong></span> <span class='ocrx_word' id='word_1_46' title='bbox 714 925 762 982; x_wconf 89' lang='lat' dir='ltr'><strong>alii</strong></span> <span class='ocrx_word' id='word_1_47' title='bbox 789 942 888 984; x_wconf 85' lang='lat' dir='ltr'><strong>eorum</strong></span> <span class='ocrx_word' id='word_1_48' title='bbox 914 923 1031 998; x_wconf 84' lang='lat' dir='ltr'><strong>bovem,</strong></span> <span class='ocrx_word' id='word_1_49' title='bbox 1061 926 1109 1002; x_wconf 82' lang='lat' dir='ltr'><strong>qni</strong></span> <span class='ocrx_word' id='word_1_50' title='bbox 1164 973 1171 977; x_wconf 88' lang='lat'>.</span> 
     </span>
     <span class='ocr_line' id='line_1_8' title="bbox 123 1007 1107 1088; baseline -0.003 -19"><span class='ocrx_word' id='word_1_51' title='bbox 123 1009 199 1088; x_wconf 82' lang='lat' dir='ltr'><strong>Apis</strong></span> <span class='ocrx_word' id='word_1_52' title='bbox 218 1007 333 1079; x_wconf 87' lang='lat' dir='ltr'><strong>dicitnr,</strong></span> <span class='ocrx_word' id='word_1_53' title='bbox 355 1008 504 1068; x_wconf 86' lang='lat' dir='ltr'><strong>colendum</strong></span> <span class='ocrx_word' id='word_1_54' title='bbox 524 1008 685 1079; x_wconf 78' lang='lat' dir='ltr'>tradidere,</span> <span class='ocrx_word' id='word_1_55' title='bbox 705 1009 755 1067; x_wconf 86' lang='lat' dir='ltr'><strong>alii</strong></span> <span class='ocrx_word' id='word_1_56' title='bbox 780 1010 900 1080; x_wconf 84' lang='lat' dir='ltr'><strong>hircum,</strong></span> <span class='ocrx_word' id='word_1_57' title='bbox 929 1010 978 1068; x_wconf 84' lang='lat' dir='ltr'><strong>alii</strong></span> <span class='ocrx_word' id='word_1_58' title='bbox 1005 1019 1107 1080; x_wconf 85' lang='lat' dir='ltr'><strong>cattas,</strong></span> 
     </span>
     <span class='ocr_line' id='line_1_9' title="bbox 125 1092 1152 1173; baseline -0.002 -19"><span class='ocrx_word' id='word_1_59' title='bbox 125 1093 255 1154; x_wconf 85' lang='lat' dir='ltr'><strong>nonnulli</strong></span> <span class='ocrx_word' id='word_1_60' title='bbox 264 1093 342 1164; x_wconf 90' lang='lat' dir='ltr'><strong>ibim,</strong></span> <span class='ocrx_word' id='word_1_61' title='bbox 364 1092 474 1171; x_wconf 86' lang='lat' dir='ltr'><strong>quidam</strong></span> <span class='ocrx_word' id='word_1_62' title='bbox 485 1105 659 1171; x_wconf 81' lang='lat' dir='ltr'><strong>serpentem,</strong></span> <span class='ocrx_word' id='word_1_63' title='bbox 680 1095 788 1172; x_wconf 80' lang='lat' dir='ltr'><strong>piscem</strong></span> <span class='ocrx_word' id='word_1_64' title='bbox 806 1114 930 1172; x_wconf 80' lang='lat' dir='ltr'><strong>quoquc,</strong></span> <span class='ocrx_word' id='word_1_65' title='bbox 952 1105 982 1152; x_wconf 89' lang='lat' dir='ltr'><strong>ct</strong></span> <span class='ocrx_word' id='word_1_66' title='bbox 991 1113 1107 1173; x_wconf 84' lang='lat' dir='ltr'><strong>caepas,</strong></span> <span class='ocrx_word' id='word_1_67' title='bbox 1146 1131 1152 1138; x_wconf 89' lang='lat'><em>-</em></span> 
     </span>
     <span class='ocr_line' id='line_1_10' title="bbox 126 1177 1109 1256; baseline -0.001 -17"><span class='ocrx_word' id='word_1_68' title='bbox 126 1190 157 1239; x_wconf 89' lang='lat' dir='ltr'><strong>et</strong></span> <span class='ocrx_word' id='word_1_69' title='bbox 175 1179 302 1248; x_wconf 78' lang='lat' dir='ltr'>cloacas,</span> <span class='ocrx_word' id='word_1_70' title='bbox 323 1180 450 1256; x_wconf 76' lang='lat' dir='ltr'><strong>crepitus</strong></span> <span class='ocrx_word' id='word_1_71' title='bbox 470 1180 587 1247; x_wconf 75' lang='lat' dir='ltr'><strong>scutris,</strong></span> <span class='ocrx_word' id='word_1_72' title='bbox 617 1199 673 1256; x_wconf 86' lang='lat' dir='ltr'><strong>pro</strong></span> <span class='ocrx_word' id='word_1_73' title='bbox 698 1179 856 1238; x_wconf 79' lang='lat' dir='ltr'><strong>numinibus</strong></span> <span class='ocrx_word' id='word_1_74' title='bbox 878 1177 1026 1238; x_wconf 85' lang='lat' dir='ltr'><strong>habendos</strong></span> <span class='ocrx_word' id='word_1_75' title='bbox 1044 1197 1109 1240; x_wconf 87' lang='lat' dir='ltr'><strong>csse</strong></span> 
     </span>
     <span class='ocr_line' id='line_1_11' title="bbox 126 1263 1107 1341; baseline -0.002 -17"><span class='ocrx_word' id='word_1_76' title='bbox 126 1264 300 1332; x_wconf 77' lang='lat' dir='ltr'><strong>docuerunt,</strong></span> <span class='ocrx_word' id='word_1_77' title='bbox 321 1274 351 1322; x_wconf 92' lang='lat' dir='ltr'><strong>et</strong></span> <span class='ocrx_word' id='word_1_78' title='bbox 368 1263 425 1322; x_wconf 86' lang='lat' dir='ltr'><strong>ulia</strong></span> <span class='ocrx_word' id='word_1_79' title='bbox 442 1263 657 1325; x_wconf 72' lang='lat' dir='ltr'><strong>innumerabilia</strong></span> <span class='ocrx_word' id='word_1_80' title='bbox 671 1283 745 1341; x_wconf 85' lang='lat' dir='ltr'><strong>quae</strong></span> <span class='ocrx_word' id='word_1_81' title='bbox 754 1263 843 1341; x_wconf 77' lang='lat' dir='ltr'><strong>pudet</strong></span> <span class='ocrx_word' id='word_1_82' title='bbox 852 1265 938 1322; x_wconf 87' lang='lat' dir='ltr'><strong>etiam</strong></span> <span class='ocrx_word' id='word_1_83' title='bbox 947 1264 1107 1322; x_wconf 90' lang='lat' dir='ltr'><strong>nominare.</strong></span> 
     </span>
    </p>

    <p class='ocr_par' dir='ltr' id='par_1_3' title="bbox 37 1346 1111 2529">
     <span class='ocr_line' id='line_1_12' title="bbox 168 1346 1109 1426; baseline -0.001 -20"><span class='ocrx_word' id='word_1_84' title='bbox 168 1349 226 1406; x_wconf 72' lang='lat' dir='ltr'><strong>ssd.</strong></span> <span class='ocrx_word' id='word_1_85' title='bbox 274 1347 353 1406; x_wconf 89' lang='lat' dir='ltr'><strong>llaec</strong></span> <span class='ocrx_word' id='word_1_86' title='bbox 373 1346 488 1410; x_wconf 87' lang='lat' dir='ltr'><strong>dicente</strong></span> <span class='ocrx_word' id='word_1_87' title='bbox 508 1347 606 1418; x_wconf 88' lang='lat' dir='ltr'><strong>Petro,</strong></span> <span class='ocrx_word' id='word_1_88' title='bbox 627 1349 755 1406; x_wconf 81' lang='lat' dir='ltr'><strong>riserunt</strong></span> <span class='ocrx_word' id='word_1_89' title='bbox 773 1368 880 1408; x_wconf 81' lang='lat' dir='ltr'><strong>omnes</strong></span> <span class='ocrx_word' id='word_1_90' title='bbox 907 1350 954 1426; x_wconf 89' lang='lat' dir='ltr'><strong>qui</strong></span> <span class='ocrx_word' id='word_1_91' title='bbox 972 1347 1109 1420; x_wconf 75' lang='lat' dir='ltr'><strong>audieba-</strong></span> 
     </span>
     <span class='ocr_line' id='line_1_13' title="bbox 125 1430 1111 1510; baseline -0.003 -14"><span class='ocrx_word' id='word_1_92' title='bbox 125 1453 200 1496; x_wconf 83' lang='lat' dir='ltr'><strong>mus.</strong></span> <span class='ocrx_word' id='word_1_93' title='bbox 246 1431 284 1491; x_wconf 85' lang='lat' dir='ltr'><strong>Et</strong></span> <span class='ocrx_word' id='word_1_94' title='bbox 302 1430 420 1492; x_wconf 88' lang='lat' dir='ltr'><strong>Petrus:</strong></span> <span class='ocrx_word' id='word_1_95' title='bbox 442 1431 564 1504; x_wconf 87' lang='lat' dir='ltr'><strong>Ridetis,</strong></span> <span class='ocrx_word' id='word_1_96' title='bbox 594 1434 694 1510; x_wconf 88' lang='lat' dir='ltr'><strong>inquit,</strong></span> <span class='ocrx_word' id='word_1_97' title='bbox 724 1453 775 1490; x_wconf 91' lang='lat' dir='ltr'><strong>vos</strong></span> <span class='ocrx_word' id='word_1_98' title='bbox 802 1434 920 1491; x_wconf 87' lang='lat' dir='ltr'><strong>aliorum</strong></span> <span class='ocrx_word' id='word_1_99' title='bbox 948 1431 1111 1503; x_wconf 78' lang='lat' dir='ltr'><strong>dedecora,¹</strong></span> 
     </span>
     <span class='ocr_line' id='line_1_14' title="bbox 126 1514 1109 1597; baseline 0 -21"><span class='ocrx_word' id='word_1_100' title='bbox 126 1519 194 1597; x_wconf 90' lang='lat' dir='ltr'><strong>quia</strong></span> <span class='ocrx_word' id='word_1_101' title='bbox 212 1517 299 1594; x_wconf 86' lang='lat' dir='ltr'><strong>longa</strong></span> <span class='ocrx_word' id='word_1_102' title='bbox 317 1517 528 1576; x_wconf 88' lang='lat' dir='ltr'><strong>consuetudine</strong></span> <span class='ocrx_word' id='word_1_103' title='bbox 544 1519 662 1595; x_wconf 84' lang='lat' dir='ltr'><strong>propria</strong></span> <span class='ocrx_word' id='word_1_104' title='bbox 680 1535 737 1575; x_wconf 87' lang='lat' dir='ltr'><strong>non</strong></span> <span class='ocrx_word' id='word_1_105' title='bbox 755 1515 869 1576; x_wconf 90' lang='lat' dir='ltr'><strong>videtis.</strong></span> <span class='ocrx_word' id='word_1_106' title='bbox 908 1515 982 1574; x_wconf 76' lang='lat' dir='ltr'><strong>Nam</strong></span> <span class='ocrx_word' id='word_1_107' title='bbox 990 1514 1109 1594; x_wconf 81' lang='lat' dir='ltr'><strong>Aegyp-</strong></span> 
     </span>
     <span class='ocr_line' id='line_1_15' title="bbox 127 1601 1107 1680; baseline -0.006 -17"><span class='ocrx_word' id='word_1_108' title='bbox 127 1605 231 1663; x_wconf 88' lang='lat' dir='ltr'><strong>tiorum</strong></span> <span class='ocrx_word' id='word_1_109' title='bbox 248 1601 362 1679; x_wconf 77' lang='lat' dir='ltr'><strong>quidem</strong></span> <span class='ocrx_word' id='word_1_110' title='bbox 382 1603 527 1660; x_wconf 75' lang='lat' dir='ltr'><strong>stultitiam</strong></span> <span class='ocrx_word' id='word_1_111' title='bbox 545 1603 648 1660; x_wconf 91' lang='lat' dir='ltr'><strong>merito</strong></span> <span class='ocrx_word' id='word_1_112' title='bbox 668 1601 780 1672; x_wconf 83' lang='lat' dir='ltr'><strong>ridetis,</strong></span> <span class='ocrx_word' id='word_1_113' title='bbox 801 1604 847 1680; x_wconf 83' lang='lat' dir='ltr'><strong>qrri</strong></span> <span class='ocrx_word' id='word_1_114' title='bbox 867 1613 943 1660; x_wconf 83' lang='lat' dir='ltr'><strong>muta</strong></span> <span class='ocrx_word' id='word_1_115' title='bbox 964 1601 1107 1670; x_wconf 81' lang='lat' dir='ltr'><strong>animalia,</strong></span> 
     </span>
     <span class='ocr_line' id='line_1_16' title="bbox 126 1684 1111 1766; baseline -0.004 -20"><span class='ocrx_word' id='word_1_116' title='bbox 126 1689 181 1766; x_wconf 89' lang='lat' dir='ltr'><strong>ipsi</strong></span> <span class='ocrx_word' id='word_1_117' title='bbox 201 1705 263 1746; x_wconf 84' lang='lat' dir='ltr'><strong>curu</strong></span> <span class='ocrx_word' id='word_1_118' title='bbox 282 1688 339 1744; x_wconf 92' lang='lat' dir='ltr'><strong>sint</strong></span> <span class='ocrx_word' id='word_1_119' title='bbox 356 1687 553 1758; x_wconf 77' lang='lat' dir='ltr'><strong>rationabiles,</strong></span> <span class='ocrx_word' id='word_1_120' title='bbox 575 1688 683 1747; x_wconf 88' lang='lat' dir='ltr'><strong>colunt.</strong></span> <span class='ocrx_word' id='word_1_121' title='bbox 727 1685 835 1745; x_wconf 87' lang='lat' dir='ltr'><strong>Audite</strong></span> <span class='ocrx_word' id='word_1_122' title='bbox 853 1697 949 1747; x_wconf 85' lang='lat' dir='ltr'><strong>tameo</strong></span> <span class='ocrx_word' id='word_1_123' title='bbox 967 1684 1111 1764; x_wconf 87' lang='lat' dir='ltr'><strong>quomodo</strong></span> 
     </span>
     <span class='ocr_line' id='line_1_17' title="bbox 127 1770 1110 1843; baseline -0.004 -11"><span class='ocrx_word' id='word_1_124' title='bbox 127 1783 158 1832; x_wconf 85' lang='lat' dir='ltr'><strong>et</strong></span> <span class='ocrx_word' id='word_1_125' title='bbox 176 1773 218 1829; x_wconf 91' lang='lat' dir='ltr'><strong>illi</strong></span> <span class='ocrx_word' id='word_1_126' title='bbox 236 1792 287 1830; x_wconf 88' lang='lat' dir='ltr'><strong>vos</strong></span> <span class='ocrx_word' id='word_1_127' title='bbox 305 1771 456 1843; x_wconf 80' lang='lat' dir='ltr'><strong>irrideant,</strong></span> <span class='ocrx_word' id='word_1_128' title='bbox 476 1772 556 1831; x_wconf 89' lang='lat' dir='ltr'><strong>aiuut</strong></span> <span class='ocrx_word' id='word_1_129' title='bbox 574 1773 665 1830; x_wconf 90' lang='lat' dir='ltr'><strong>enim:</strong></span> <span class='ocrx_word' id='word_1_130' title='bbox 686 1770 748 1832; x_wconf 91' lang='lat' dir='ltr'><strong>Nos</strong></span> <span class='ocrx_word' id='word_1_131' title='bbox 770 1773 895 1831; x_wconf 80' lang='lat' dir='ltr'><strong>viventia</strong></span> <span class='ocrx_word' id='word_1_132' title='bbox 909 1772 1028 1831; x_wconf 85' lang='lat' dir='ltr'><strong>colimus</strong></span> <span class='ocrx_word' id='word_1_133' title='bbox 1048 1772 1110 1830; x_wconf 86' lang='lat' dir='ltr'><strong>ani-</strong></span> 
     </span>
     <span class='ocr_line' id='line_1_18' title="bbox 37 1857 1110 1946; baseline -0.003 -30"><span class='ocrx_word' id='word_1_134' title='bbox 37 1865 46 1880; x_wconf 95' lang='lat'>&#39;</span> <span class='ocrx_word' id='word_1_135' title='bbox 126 1858 222 1927; x_wconf 84' lang='lat' dir='ltr'><strong>malin,</strong></span> <span class='ocrx_word' id='word_1_136' title='bbox 245 1857 314 1914; x_wconf 89' lang='lat' dir='ltr'><strong>licat</strong></span> <span class='ocrx_word' id='word_1_137' title='bbox 331 1858 478 1928; x_wconf 85' lang='lat' dir='ltr'><strong>moritura,</strong></span> <span class='ocrx_word' id='word_1_138' title='bbox 499 1877 550 1946; x_wconf 53' lang='lat'><strong>‘⁷⁰3</strong></span> <span class='ocrx_word' id='word_1_139' title='bbox 569 1875 638 1916; x_wconf 91' lang='lat' dir='ltr'><strong>vero</strong></span> <span class='ocrx_word' id='word_1_140' title='bbox 658 1875 730 1936; x_wconf 86' lang='lat' dir='ltr'><strong>quac</strong></span> <span class='ocrx_word' id='word_1_141' title='bbox 757 1876 897 1935; x_wconf 85' lang='lat' dir='ltr'><strong>nunqnam</strong></span> <span class='ocrx_word' id='word_1_142' title='bbox 924 1857 1037 1916; x_wconf 75' lang='lat' dir='ltr'><strong>omnmo</strong></span> <span class='ocrx_word' id='word_1_143' title='bbox 1066 1857 1110 1914; x_wconf 86' lang='lat' dir='ltr'><strong>vi·</strong></span> 
     </span>
     <span class='ocr_line' id='line_1_19' title="bbox 125 1940 1110 2021; baseline -0.004 -19"><span class='ocrx_word' id='word_1_144' title='bbox 125 1961 211 2013; x_wconf 72' lang='lat' dir='ltr'><strong>acre,</strong></span> <span class='ocrx_word' id='word_1_145' title='bbox 226 1941 304 2000; x_wconf 81' lang='lat' dir='ltr'><strong>‘haec</strong></span> <span class='ocrx_word' id='word_1_146' title='bbox 323 1942 417 2002; x_wconf 84' lang='lat' dir='ltr'><strong>colitis</strong></span> <span class='ocrx_word' id='word_1_147' title='bbox 436 1953 466 2008; x_wconf 80' lang='lat' dir='ltr'><strong>et</strong></span> <span class='ocrx_word' id='word_1_148' title='bbox 483 1940 622 2006; x_wconf 85' lang='lat' dir='ltr'><strong>adoratis.¹</strong></span> <span class='ocrx_word' id='word_1_149' title='bbox 666 1942 785 2003; x_wconf 80' lang='lat' dir='ltr'><strong>Addunt</strong></span> <span class='ocrx_word' id='word_1_150' title='bbox 801 1953 955 2021; x_wconf 83' lang='lat' dir='ltr'><strong>praeterea</strong></span> <span class='ocrx_word' id='word_1_151' title='bbox 972 1942 1058 2002; x_wconf 82' lang='lat' dir='ltr'><strong>etiam</strong></span> <span class='ocrx_word' id='word_1_152' title='bbox 1075 1942 1110 1999; x_wconf 90' lang='lat' dir='ltr'><strong>il-</strong></span> 
     </span>
     <span class='ocr_line' id='line_1_20' title="bbox 66 2025 1109 2118; baseline -0.002 -32"><span class='ocrx_word' id='word_1_153' title='bbox 66 2044 72 2050; x_wconf 83' lang='grc'><em>·</em></span> <span class='ocrx_word' id='word_1_154' title='bbox 127 2025 188 2096; x_wconf 87' lang='lat' dir='ltr'><strong>lnd,</strong></span> <span class='ocrx_word' id='word_1_155' title='bbox 210 2027 315 2102; x_wconf 85' lang='lat' dir='ltr'><strong>ligures</strong></span> <span class='ocrx_word' id='word_1_156' title='bbox 334 2045 399 2118; x_wconf 66' lang='lat' dir='ltr'><strong>esse</strong></span> <span class='ocrx_word' id='word_1_157' title='bbox 418 2037 448 2086; x_wconf 90' lang='lat' dir='ltr'><strong>et</strong></span> <span class='ocrx_word' id='word_1_158' title='bbox 465 2027 620 2104; x_wconf 78' lang='lat' dir='ltr'><strong>allegorias</strong></span> <span class='ocrx_word' id='word_1_159' title='bbox 638 2029 770 2088; x_wconf 78' lang='lat' dir='ltr'><strong>virtutum</strong></span> <span class='ocrx_word' id='word_1_160' title='bbox 790 2027 980 2106; x_wconf 80' lang='lat' dir='ltr'><strong>quarundam,</strong></span> <span class='ocrx_word' id='word_1_161' title='bbox 1010 2026 1109 2106; x_wconf 85' lang='lat' dir='ltr'><strong>quibus</strong></span> 
     </span>
     <span class='ocr_line' id='line_1_21' title="bbox 126 2111 1108 2191; baseline -0.004 -19"><span class='ocrx_word' id='word_1_162' title='bbox 126 2111 314 2172; x_wconf 86' lang='lat' dir='ltr'><strong>adiutricibus</strong></span> <span class='ocrx_word' id='word_1_163' title='bbox 332 2123 450 2188; x_wconf 83' lang='lat' dir='ltr'><strong>regatur</strong></span> <span class='ocrx_word' id='word_1_164' title='bbox 468 2113 609 2172; x_wconf 81' lang='lat' dir='ltr'><strong>horrtinum</strong></span> <span class='ocrx_word' id='word_1_165' title='bbox 629 2130 737 2190; x_wconf 77' lang='lat' dir='ltr'><strong>genus3</strong></span> <span class='ocrx_word' id='word_1_166' title='bbox 767 2113 818 2172; x_wconf 90' lang='lat' dir='ltr'><strong>sed</strong></span> <span class='ocrx_word' id='word_1_167' title='bbox 841 2113 957 2191; x_wconf 90' lang='lat' dir='ltr'><strong>pudoris</strong></span> <span class='ocrx_word' id='word_1_168' title='bbox 975 2112 1108 2190; x_wconf 83' lang='lat' dir='ltr'><strong>perlugiu</strong></span> 
     </span>
     <span class='ocr_line' id='line_1_22' title="bbox 126 2200 1110 2270; baseline -0.003 -13"><span class='ocrx_word' id='word_1_169' title='bbox 126 2200 201 2257; x_wconf 88' lang='lat' dir='ltr'><strong>haec</strong></span> <span class='ocrx_word' id='word_1_170' title='bbox 220 2208 251 2257; x_wconf 91' lang='lat' dir='ltr'><strong>et</strong></span> <span class='ocrx_word' id='word_1_171' title='bbox 268 2200 403 2257; x_wconf 86' lang='lat' dir='ltr'><strong>nonnulla</strong></span> <span class='ocrx_word' id='word_1_172' title='bbox 421 2200 464 2257; x_wconf 77' lang='lat' dir='ltr'><strong>lais</strong></span> <span class='ocrx_word' id='word_1_173' title='bbox 490 2200 591 2257; x_wconf 86' lang='lat' dir='ltr'><strong>similia</strong></span> <span class='ocrx_word' id='word_1_174' title='bbox 619 2210 844 2270; x_wconf 81' lang='lat' dir='ltr'><strong>connectentes,</strong></span> <span class='ocrx_word' id='word_1_175' title='bbox 873 2217 1003 2257; x_wconf 84' lang='lat' dir='ltr'><strong>errorem</strong></span> <span class='ocrx_word' id='word_1_176' title='bbox 1030 2217 1110 2255; x_wconf 89' lang='lat' dir='ltr'><strong>suum</strong></span> 
     </span>
     <span class='ocr_line' id='line_1_23' title="bbox 126 2281 1110 2361; baseline -0.003 -20"><span class='ocrx_word' id='word_1_177' title='bbox 126 2284 227 2341; x_wconf 85' lang='lat' dir='ltr'><strong>velare</strong></span> <span class='ocrx_word' id='word_1_178' title='bbox 247 2283 383 2341; x_wconf 89' lang='lat' dir='ltr'><strong>nituntur.</strong></span> <span class='ocrx_word' id='word_1_179' title='bbox 432 2282 491 2341; x_wconf 90' lang='lat' dir='ltr'><strong>Sed</strong></span> <span class='ocrx_word' id='word_1_180' title='bbox 510 2304 567 2343; x_wconf 91' lang='lat' dir='ltr'><strong>non</strong></span> <span class='ocrx_word' id='word_1_181' title='bbox 586 2294 630 2341; x_wconf 90' lang='lat' dir='ltr'><strong>est</strong></span> <span class='ocrx_word' id='word_1_182' title='bbox 649 2303 723 2341; x_wconf 90' lang='lat' dir='ltr'><strong>nnnc</strong></span> <span class='ocrx_word' id='word_1_183' title='bbox 746 2295 856 2361; x_wconf 85' lang='lat' dir='ltr'><strong>tempus</strong></span> <span class='ocrx_word' id='word_1_184' title='bbox 881 2281 1035 2359; x_wconf 78' lang='lat' dir='ltr'><strong>Aegyptiis</strong></span> <span class='ocrx_word' id='word_1_185' title='bbox 1062 2300 1110 2339; x_wconf 90' lang='lat' dir='ltr'><strong>re-</strong></span> 
     </span>
     <span class='ocr_line' id='line_1_24' title="bbox 126 2363 1110 2446; baseline -0.004 -21"><span class='ocrx_word' id='word_1_186' title='bbox 126 2366 283 2446; x_wconf 72' lang='lat' dir='ltr'><strong>spondere,</strong></span> <span class='ocrx_word' id='word_1_187' title='bbox 305 2368 492 2427; x_wconf 88' lang='lat' dir='ltr'><strong>etderelicta</strong></span> <span class='ocrx_word' id='word_1_188' title='bbox 512 2369 806 2445; x_wconf 68' lang='lat' dir='ltr'><strong>consummantium,</strong></span> <span class='ocrx_word' id='word_1_189' title='bbox 835 2366 992 2425; x_wconf 87' lang='lat' dir='ltr'><strong>absentium</strong></span> <span class='ocrx_word' id='word_1_190' title='bbox 1019 2363 1110 2423; x_wconf 88' lang='lat' dir='ltr'><strong>medi-</strong></span> 
     </span>
     <span class='ocr_line' id='line_1_25' title="bbox 127 2450 1110 2529; baseline -0.004 -18"><span class='ocrx_word' id='word_1_191' title='bbox 127 2454 189 2511; x_wconf 87' lang='lat' dir='ltr'><strong>cari</strong></span> <span class='ocrx_word' id='word_1_192' title='bbox 208 2454 372 2529; x_wconf 83' lang='lat' dir='ltr'><strong>languores.</strong></span> <span class='ocrx_word' id='word_1_193' title='bbox 421 2452 536 2511; x_wconf 86' lang='lat' dir='ltr'><strong>Certum</strong></span> <span class='ocrx_word' id='word_1_194' title='bbox 555 2468 676 2529; x_wconf 85' lang='lat' dir='ltr'><strong>namque</strong></span> <span class='ocrx_word' id='word_1_195' title='bbox 693 2451 828 2509; x_wconf 90' lang='lat' dir='ltr'><strong>indicium</strong></span> <span class='ocrx_word' id='word_1_196' title='bbox 847 2461 892 2509; x_wconf 88' lang='lat' dir='ltr'><strong>est</strong></span> <span class='ocrx_word' id='word_1_197' title='bbox 908 2470 960 2509; x_wconf 87' lang='lat' dir='ltr'><strong>vos</strong></span> <span class='ocrx_word' id='word_1_198' title='bbox 969 2450 1004 2509; x_wconf 88' lang='lat' dir='ltr'><strong>ab</strong></span> <span class='ocrx_word' id='word_1_199' title='bbox 1015 2450 1110 2508; x_wconf 86' lang='lat' dir='ltr'><strong>huius·</strong></span> 
     </span>
    </p>
   </div>
   <div class='ocr_carea' id='block_1_3' title="bbox 25 2531 1110 2615">
    <p class='ocr_par' dir='ltr' id='par_1_4' title="bbox 25 2531 1110 2615">
     <span class='ocr_line' id='line_1_26' title="bbox 25 2531 1110 2615; baseline -0.003 -20"><span class='ocrx_word' id='word_1_200' title='bbox 25 2532 28 2539; x_wconf 56' lang='lat'>‘</span> <span class='ocrx_word' id='word_1_201' title='bbox 126 2536 205 2595; x_wconf 88' lang='lat' dir='ltr'><strong>modi</strong></span> <span class='ocrx_word' id='word_1_202' title='bbox 224 2538 404 2614; x_wconf 83' lang='lat' dir='ltr'><strong>aegritudine</strong></span> <span class='ocrx_word' id='word_1_203' title='bbox 424 2536 523 2596; x_wconf 88' lang='lat' dir='ltr'><strong>haberi</strong></span> <span class='ocrx_word' id='word_1_204' title='bbox 541 2537 663 2606; x_wconf 88' lang='lat' dir='ltr'><strong>alienos,</strong></span> <span class='ocrx_word' id='word_1_205' title='bbox 684 2538 731 2615; x_wconf 82' lang='lat' dir='ltr'><strong>qui</strong></span> <span class='ocrx_word' id='word_1_206' title='bbox 750 2556 812 2595; x_wconf 86' lang='lat' dir='ltr'><strong>eam</strong></span> <span class='ocrx_word' id='word_1_207' title='bbox 840 2556 896 2595; x_wconf 90' lang='lat' dir='ltr'><strong>nou</strong></span> <span class='ocrx_word' id='word_1_208' title='bbox 924 2531 1053 2594; x_wconf 75' lang='lat' dir='ltr'><strong>doluistis</strong></span> <span class='ocrx_word' id='word_1_209' title='bbox 1078 2545 1110 2592; x_wconf 86' lang='lat' dir='ltr'><strong>ut</strong></span> 
     </span>
    </p>
   </div>
   <div class='ocr_carea' id='block_1_4' title="bbox 126 2622 1122 3887">
    <p class='ocr_par' dir='ltr' id='par_1_5' title="bbox 126 2622 676 2703">
     <span class='ocr_line' id='line_1_27' title="bbox 126 2622 676 2703; baseline -0.004 -22"><span class='ocrx_word' id='word_1_210' title='bbox 126 2622 283 2701; x_wconf 80' lang='lat' dir='ltr'><strong>propriam,</strong></span> <span class='ocrx_word' id='word_1_211' title='bbox 304 2622 355 2703; x_wconf 82' lang='lat' dir='ltr'><strong>scd</strong></span> <span class='ocrx_word' id='word_1_212' title='bbox 374 2624 476 2681; x_wconf 90' lang='lat' dir='ltr'><strong>risistls</strong></span> <span class='ocrx_word' id='word_1_213' title='bbox 496 2633 527 2679; x_wconf 87' lang='lat' dir='ltr'><strong>ut</strong></span> <span class='ocrx_word' id='word_1_214' title='bbox 543 2623 676 2684; x_wconf 84' lang='lat' dir='ltr'><strong>alienam.</strong></span> 
     </span>
    </p>

    <p class='ocr_par' dir='ltr' id='par_1_6' title="bbox 126 2704 1122 3887">
     <span class='ocr_line' id='line_1_28' title="bbox 143 2704 1115 2786; baseline -0.005 -20"><span class='ocrx_word' id='word_1_215' title='bbox 143 2754 147 2759; x_wconf 86' lang='lat'><em>.</em></span> <span class='ocrx_word' id='word_1_216' title='bbox 171 2708 228 2767; x_wconf 72' lang='lat'><strong>22.</strong></span> <span class='ocrx_word' id='word_1_217' title='bbox 276 2706 335 2771; x_wconf 87' lang='lat' dir='ltr'><strong>Sed</strong></span> <span class='ocrx_word' id='word_1_218' title='bbox 354 2706 503 2767; x_wconf 86' lang='lat' dir='ltr'><strong>redeamus</strong></span> <span class='ocrx_word' id='word_1_219' title='bbox 521 2706 558 2765; x_wconf 86' lang='lat' dir='ltr'><strong>ud</strong></span> <span class='ocrx_word' id='word_1_220' title='bbox 575 2728 638 2779; x_wconf 68' lang='lat' dir='ltr'><strong>vos,</strong></span> <span class='ocrx_word' id='word_1_221' title='bbox 659 2706 759 2786; x_wconf 85' lang='lat' dir='ltr'><strong>quibus</strong></span> <span class='ocrx_word' id='word_1_222' title='bbox 776 2708 874 2786; x_wconf 79' lang='lat' dir='ltr'><strong>placet</strong></span> <span class='ocrx_word' id='word_1_223' title='bbox 898 2706 999 2766; x_wconf 86' lang='lat' dir='ltr'><strong>haberi</strong></span> <span class='ocrx_word' id='word_1_224' title='bbox 1026 2704 1115 2765; x_wconf 85' lang='lat' dir='ltr'><strong>deum.</strong></span> 
     </span>
     <span class='ocr_line' id='line_1_29' title="bbox 127 2790 1109 2871; baseline -0.003 -20"><span class='ocrx_word' id='word_1_225' title='bbox 127 2803 160 2851; x_wconf 92' lang='lat' dir='ltr'><strong>ut</strong></span> <span class='ocrx_word' id='word_1_226' title='bbox 178 2791 343 2862; x_wconf 83' lang='lat' dir='ltr'><strong>Caesarem,</strong></span> <span class='ocrx_word' id='word_1_227' title='bbox 365 2792 435 2850; x_wconf 88' lang='lat' dir='ltr'><strong>deos</strong></span> <span class='ocrx_word' id='word_1_228' title='bbox 454 2803 547 2851; x_wconf 84' lang='lat' dir='ltr'><strong>autern</strong></span> <span class='ocrx_word' id='word_1_229' title='bbox 566 2803 597 2851; x_wconf 93' lang='lat' dir='ltr'><strong>ut</strong></span> <span class='ocrx_word' id='word_1_230' title='bbox 615 2793 760 2855; x_wconf 87' lang='lat' dir='ltr'><strong>ministros</strong></span> <span class='ocrx_word' id='word_1_231' title='bbox 778 2804 808 2852; x_wconf 92' lang='lat' dir='ltr'><strong>et</strong></span> <span class='ocrx_word' id='word_1_232' title='bbox 821 2802 1026 2871; x_wconf 84' lang='lat' dir='ltr'><strong>procuratores</strong></span> <span class='ocrx_word' id='word_1_233' title='bbox 1036 2790 1109 2849; x_wconf 84' lang='lat' dir='ltr'><strong>Cae-</strong></span> 
     </span>
     <span class='ocr_line' id='line_1_30' title="bbox 127 2876 1111 2955; baseline -0.003 -19"><span class='ocrx_word' id='word_1_234' title='bbox 127 2878 218 2949; x_wconf 79' lang='lat' dir='ltr'><strong>saris3</strong></span> <span class='ocrx_word' id='word_1_235' title='bbox 237 2878 386 2955; x_wconf 86' lang='lat' dir='ltr'><strong>sequimini</strong></span> <span class='ocrx_word' id='word_1_236' title='bbox 404 2897 448 2936; x_wconf 87' lang='lat' dir='ltr'><strong>me</strong></span> <span class='ocrx_word' id='word_1_237' title='bbox 467 2878 615 2949; x_wconf 88' lang='lat' dir='ltr'><strong>attentius,</strong></span> <span class='ocrx_word' id='word_1_238' title='bbox 636 2889 666 2937; x_wconf 90' lang='lat' dir='ltr'><strong>et</strong></span> <span class='ocrx_word' id='word_1_239' title='bbox 682 2878 766 2938; x_wconf 61' lang='lat' dir='ltr'><strong>mmo</strong></span> <span class='ocrx_word' id='word_1_240' title='bbox 786 2879 867 2945; x_wconf 74' lang='lat' dir='ltr'><strong>rolris</strong></span> <span class='ocrx_word' id='word_1_241' title='bbox 881 2876 1111 2937; x_wconf 85' lang='lat' dir='ltr'><strong>ostendamlate-</strong></span> 
     </span>
     <span class='ocr_line' id='line_1_31' title="bbox 126 2962 1111 3042; baseline -0.002 -21"><span class='ocrx_word' id='word_1_242' title='bbox 126 2963 196 3021; x_wconf 84' lang='lat' dir='ltr'><strong>bras</strong></span> <span class='ocrx_word' id='word_1_243' title='bbox 214 2962 368 3038; x_wconf 86' lang='lat' dir='ltr'><strong>serpentis,</strong></span> <span class='ocrx_word' id='word_1_244' title='bbox 390 2964 418 3022; x_wconf 90' lang='lat' dir='ltr'><strong>in</strong></span> <span class='ocrx_word' id='word_1_245' title='bbox 436 2963 596 3039; x_wconf 86' lang='lat' dir='ltr'><strong>argumenti</strong></span> <span class='ocrx_word' id='word_1_246' title='bbox 614 2964 701 3042; x_wconf 76' lang='lat' dir='ltr'><strong>lanius¹</strong></span> <span class='ocrx_word' id='word_1_247' title='bbox 714 2965 809 3024; x_wconf 88' lang='lat' dir='ltr'><strong>curvis</strong></span> <span class='ocrx_word' id='word_1_248' title='bbox 826 2963 1002 3023; x_wconf 81' lang='lat' dir='ltr'><strong>anfractibus</strong></span> <span class='ocrx_word' id='word_1_249' title='bbox 1019 2962 1111 3019; x_wconf 92' lang='lat' dir='ltr'><strong>collo-</strong></span> 
     </span>
     <span class='ocr_line' id='line_1_32' title="bbox 127 3039 1110 3123; baseline -0.003 -18"><span class='ocrx_word' id='word_1_250' title='bbox 127 3058 219 3105; x_wconf 88' lang='lat' dir='ltr'><strong>catas.</strong></span> <span class='ocrx_word' id='word_1_251' title='bbox 268 3044 382 3103; x_wconf 85' lang='lat' dir='ltr'><strong>Certum</strong></span> <span class='ocrx_word' id='word_1_252' title='bbox 402 3046 475 3123; x_wconf 84' lang='lat' dir='ltr'><strong>apud</strong></span> <span class='ocrx_word' id='word_1_253' title='bbox 494 3066 592 3103; x_wconf 88' lang='lat' dir='ltr'><strong>ornnes</strong></span> <span class='ocrx_word' id='word_1_254' title='bbox 611 3067 676 3108; x_wconf 88' lang='lat' dir='ltr'><strong>esse</strong></span> <span class='ocrx_word' id='word_1_255' title='bbox 695 3039 783 3107; x_wconf 86' lang='lat' dir='ltr'><strong>debet</strong></span> <span class='ocrx_word' id='word_1_256' title='bbox 796 3048 1033 3116; x_wconf 85' lang='lat' dir='ltr'><strong>etiudubitatum,</strong></span> <span class='ocrx_word' id='word_1_257' title='bbox 1053 3044 1110 3103; x_wconf 91' lang='lat' dir='ltr'><strong>dco</strong></span> 
     </span>
     <span class='ocr_line' id='line_1_33' title="bbox 127 3128 1110 3209; baseline 0.003 -20"><span class='ocrx_word' id='word_1_258' title='bbox 127 3130 230 3209; x_wconf 80' lang='lat' dir='ltr'><strong>quiae</strong></span> <span class='ocrx_word' id='word_1_259' title='bbox 249 3128 325 3187; x_wconf 89' lang='lat' dir='ltr'><strong>nullo</strong></span> <span class='ocrx_word' id='word_1_260' title='bbox 344 3130 436 3187; x_wconf 88' lang='lat' dir='ltr'><strong>lactus</strong></span> <span class='ocrx_word' id='word_1_261' title='bbox 455 3142 499 3189; x_wconf 86' lang='lat' dir='ltr'><strong>est</strong></span> <span class='ocrx_word' id='word_1_262' title='bbox 517 3130 566 3189; x_wconf 86' lang='lat' dir='ltr'><strong>scd</strong></span> <span class='ocrx_word' id='word_1_263' title='bbox 586 3132 647 3208; x_wconf 88' lang='lat' dir='ltr'><strong>ipse</strong></span> <span class='ocrx_word' id='word_1_264' title='bbox 667 3132 738 3189; x_wconf 87' lang='lat' dir='ltr'><strong>lecit</strong></span> <span class='ocrx_word' id='word_1_265' title='bbox 755 3134 899 3201; x_wconf 81' lang='lat' dir='ltr'><strong>universa,</strong></span> <span class='ocrx_word' id='word_1_266' title='bbox 920 3130 990 3189; x_wconf 88' lang='lat' dir='ltr'><strong>nihil</strong></span> <span class='ocrx_word' id='word_1_267' title='bbox 1003 3130 1110 3192; x_wconf 79' lang='lat' dir='ltr'><strong>exlec-</strong></span> 
     </span>
     <span class='ocr_line' id='line_1_34' title="bbox 126 3213 1110 3294; baseline -0.001 -22"><span class='ocrx_word' id='word_1_268' title='bbox 126 3214 200 3277; x_wconf 83' lang='lat' dir='ltr'><strong>turis</strong></span> <span class='ocrx_word' id='word_1_269' title='bbox 219 3213 276 3271; x_wconf 89' lang='lat' dir='ltr'><strong>suis</strong></span> <span class='ocrx_word' id='word_1_270' title='bbox 295 3232 380 3291; x_wconf 88' lang='lat' dir='ltr'><strong>pesse</strong></span> <span class='ocrx_word' id='word_1_271' title='bbox 399 3217 568 3292; x_wconf 77' lang='lat' dir='ltr'><strong>coaequari3</strong></span> <span class='ocrx_word' id='word_1_272' title='bbox 589 3235 682 3294; x_wconf 82' lang='lat' dir='ltr'><strong>noque</strong></span> <span class='ocrx_word' id='word_1_273' title='bbox 702 3218 775 3274; x_wconf 88' lang='lat' dir='ltr'><strong>enim</strong></span> <span class='ocrx_word' id='word_1_274' title='bbox 795 3217 914 3293; x_wconf 89' lang='lat' dir='ltr'><strong>itaquis</strong></span> <span class='ocrx_word' id='word_1_275' title='bbox 936 3214 1110 3274; x_wconf 86' lang='lat' dir='ltr'><strong>irrationalis</strong></span> 
     </span>
     <span class='ocr_line' id='line_1_35' title="bbox 128 3299 1111 3379; baseline -0.002 -22"><span class='ocrx_word' id='word_1_276' title='bbox 128 3299 252 3360; x_wconf 82' lang='lat' dir='ltr'><strong>inveniri</strong></span> <span class='ocrx_word' id='word_1_277' title='bbox 270 3308 378 3375; x_wconf 85' lang='lat' dir='ltr'><strong>potest,</strong></span> <span class='ocrx_word' id='word_1_278' title='bbox 400 3301 446 3377; x_wconf 89' lang='lat' dir='ltr'><strong>qui</strong></span> <span class='ocrx_word' id='word_1_279' title='bbox 464 3310 545 3378; x_wconf 81' lang='lat' dir='ltr'><strong>putet</strong></span> <span class='ocrx_word' id='word_1_280' title='bbox 563 3300 638 3378; x_wconf 91' lang='lat' dir='ltr'><strong>quod</strong></span> <span class='ocrx_word' id='word_1_281' title='bbox 658 3302 787 3363; x_wconf 81' lang='lat' dir='ltr'><strong>conferri</strong></span> <span class='ocrx_word' id='word_1_282' title='bbox 804 3302 894 3379; x_wconf 80' lang='lat' dir='ltr'><strong>possit</strong></span> <span class='ocrx_word' id='word_1_283' title='bbox 920 3301 1031 3358; x_wconf 85' lang='lat' dir='ltr'><strong>lactura</strong></span> <span class='ocrx_word' id='word_1_284' title='bbox 1049 3300 1111 3356; x_wconf 76' lang='lat' dir='ltr'><strong>lac-</strong></span> 
     </span>
     <span class='ocr_line' id='line_1_36' title="bbox 130 3382 1111 3460; baseline -0.002 -18"><span class='ocrx_word' id='word_1_285' title='bbox 130 3384 197 3442; x_wconf 87' lang='lat' dir='ltr'><strong>tori.</strong></span> <span class='ocrx_word' id='word_1_286' title='bbox 246 3382 278 3441; x_wconf 91' lang='lat' dir='ltr'><strong>Si</strong></span> <span class='ocrx_word' id='word_1_287' title='bbox 297 3398 368 3460; x_wconf 83' lang='lat' dir='ltr'><strong>ergo</strong></span> <span class='ocrx_word' id='word_1_288' title='bbox 387 3384 508 3446; x_wconf 86' lang='lat' dir='ltr'><strong>humana</strong></span> <span class='ocrx_word' id='word_1_289' title='bbox 526 3404 605 3445; x_wconf 88' lang='lat' dir='ltr'><strong>mens</strong></span> <span class='ocrx_word' id='word_1_290' title='bbox 624 3406 681 3443; x_wconf 91' lang='lat' dir='ltr'><strong>nou</strong></span> <span class='ocrx_word' id='word_1_291' title='bbox 699 3388 789 3445; x_wconf 88' lang='lat' dir='ltr'><strong>solum</strong></span> <span class='ocrx_word' id='word_1_292' title='bbox 808 3387 919 3445; x_wconf 88' lang='lat' dir='ltr'><strong>ratione</strong></span> <span class='ocrx_word' id='word_1_293' title='bbox 937 3382 990 3443; x_wconf 91' lang='lat' dir='ltr'><strong>sed</strong></span> <span class='ocrx_word' id='word_1_294' title='bbox 1013 3394 1043 3441; x_wconf 90' lang='lat' dir='ltr'><strong>et</strong></span> <span class='ocrx_word' id='word_1_295' title='bbox 1061 3403 1111 3441; x_wconf 89' lang='lat' dir='ltr'><strong>na-</strong></span> 
     </span>
     <span class='ocr_line' id='line_1_37' title="bbox 129 3466 1110 3548; baseline -0.002 -21"><span class='ocrx_word' id='word_1_296' title='bbox 129 3467 214 3527; x_wconf 87' lang='lat' dir='ltr'><strong>turali</strong></span> <span class='ocrx_word' id='word_1_297' title='bbox 233 3466 353 3546; x_wconf 84' lang='lat' dir='ltr'><strong>quodam</strong></span> <span class='ocrx_word' id='word_1_298' title='bbox 372 3480 461 3540; x_wconf 83' lang='lat' dir='ltr'><strong>motu,</strong></span> <span class='ocrx_word' id='word_1_299' title='bbox 482 3481 564 3529; x_wconf 86' lang='lat' dir='ltr'><strong>recte</strong></span> <span class='ocrx_word' id='word_1_300' title='bbox 584 3471 657 3530; x_wconf 81' lang='lat' dir='ltr'><strong>hanc</strong></span> <span class='ocrx_word' id='word_1_301' title='bbox 676 3471 839 3548; x_wconf 78' lang='lat' dir='ltr'><strong>opinionem</strong></span> <span class='ocrx_word' id='word_1_302' title='bbox 858 3481 949 3540; x_wconf 84' lang='lat' dir='ltr'><strong>tenet,</strong></span> <span class='ocrx_word' id='word_1_303' title='bbox 971 3466 1038 3527; x_wconf 90' lang='lat' dir='ltr'><strong>illud</strong></span> <span class='ocrx_word' id='word_1_304' title='bbox 1053 3467 1110 3527; x_wconf 90' lang='lat' dir='ltr'><strong>dicl</strong></span> 
     </span>
     <span class='ocr_line' id='line_1_38' title="bbox 131 3551 1112 3633; baseline -0.003 -21"><span class='ocrx_word' id='word_1_305' title='bbox 131 3551 227 3624; x_wconf 84' lang='lat' dir='ltr'><strong>deum,</strong></span> <span class='ocrx_word' id='word_1_306' title='bbox 239 3554 284 3611; x_wconf 89' lang='lat' dir='ltr'><strong>cui</strong></span> <span class='ocrx_word' id='word_1_307' title='bbox 294 3554 422 3611; x_wconf 84' lang='lat' dir='ltr'><strong>conferri</strong></span> <span class='ocrx_word' id='word_1_308' title='bbox 432 3564 480 3613; x_wconf 88' lang='lat' dir='ltr'><strong>aut</strong></span> <span class='ocrx_word' id='word_1_309' title='bbox 490 3556 645 3633; x_wconf 80' lang='lat' dir='ltr'><strong>exaequari</strong></span> <span class='ocrx_word' id='word_1_310' title='bbox 655 3556 725 3614; x_wconf 90' lang='lat' dir='ltr'><strong>nibil</strong></span> <span class='ocrx_word' id='word_1_311' title='bbox 733 3566 840 3633; x_wconf 82' lang='lat' dir='ltr'><strong>potest,</strong></span> <span class='ocrx_word' id='word_1_312' title='bbox 852 3554 904 3615; x_wconf 92' lang='lat' dir='ltr'><strong>sed</strong></span> <span class='ocrx_word' id='word_1_313' title='bbox 915 3552 990 3631; x_wconf 83' lang='lat' dir='ltr'><strong>quod</strong></span> <span class='ocrx_word' id='word_1_314' title='bbox 1000 3554 1112 3610; x_wconf 89' lang='lat' dir='ltr'><strong>cunctis</strong></span> 
     </span>
     <span class='ocr_line' id='line_1_39' title="bbox 131 3636 1113 3717; baseline 0.006 -23"><span class='ocrx_word' id='word_1_315' title='bbox 131 3637 255 3699; x_wconf 77' lang='lat' dir='ltr'><strong>emineat</strong></span> <span class='ocrx_word' id='word_1_316' title='bbox 263 3648 294 3695; x_wconf 91' lang='lat' dir='ltr'><strong>et</strong></span> <span class='ocrx_word' id='word_1_317' title='bbox 304 3649 407 3699; x_wconf 86' lang='lat' dir='ltr'><strong>cuncta</strong></span> <span class='ocrx_word' id='word_1_318' title='bbox 416 3638 591 3717; x_wconf 86' lang='lat' dir='ltr'><strong>praecellat:</strong></span> <span class='ocrx_word' id='word_1_319' title='bbox 604 3639 746 3717; x_wconf 87' lang='lat' dir='ltr'><strong>quomodo</strong></span> <span class='ocrx_word' id='word_1_320' title='bbox 757 3660 859 3700; x_wconf 87' lang='lat' dir='ltr'><strong>nomen</strong></span> <span class='ocrx_word' id='word_1_321' title='bbox 870 3636 1113 3715; x_wconf 84' lang='lat' dir='ltr'><strong>illudqnodsupct·</strong></span> 
     </span>
     <span class='ocr_line' id='line_1_40' title="bbox 131 3720 1110 3800; baseline -0.006 -18"><span class='ocrx_word' id='word_1_322' title='bbox 131 3721 227 3782; x_wconf 86' lang='lat' dir='ltr'><strong>omnia</strong></span> <span class='ocrx_word' id='word_1_323' title='bbox 235 3740 300 3779; x_wconf 90' lang='lat' dir='ltr'><strong>csse</strong></span> <span class='ocrx_word' id='word_1_324' title='bbox 311 3722 452 3795; x_wconf 78' lang='lat' dir='ltr'><strong>creditur,</strong></span> <span class='ocrx_word' id='word_1_325' title='bbox 471 3734 552 3782; x_wconf 87' lang='lat' dir='ltr'><strong>reete</strong></span> <span class='ocrx_word' id='word_1_326' title='bbox 563 3724 605 3784; x_wconf 89' lang='lat' dir='ltr'><strong>his</strong></span> <span class='ocrx_word' id='word_1_327' title='bbox 616 3723 746 3783; x_wconf 84' lang='lat' dir='ltr'><strong>creditur</strong></span> <span class='ocrx_word' id='word_1_328' title='bbox 763 3725 836 3793; x_wconf 80' lang='lat' dir='ltr'><strong>dari,</strong></span> <span class='ocrx_word' id='word_1_329' title='bbox 856 3742 927 3800; x_wconf 89' lang='lat' dir='ltr'><strong>quos</strong></span> <span class='ocrx_word' id='word_1_330' title='bbox 938 3720 974 3779; x_wconf 82' lang='lat' dir='ltr'><strong>ad</strong></span> <span class='ocrx_word' id='word_1_331' title='bbox 983 3721 1110 3778; x_wconf 87' lang='lat' dir='ltr'><strong>ministe-</strong></span> 
     </span>
     <span class='ocr_line' id='line_1_41' title="bbox 131 3802 1122 3887; baseline -0.002 -24"><span class='ocrx_word' id='word_1_332' title='bbox 131 3807 202 3863; x_wconf 88' lang='lat' dir='ltr'><strong>rium</strong></span> <span class='ocrx_word' id='word_1_333' title='bbox 218 3808 487 3882; x_wconf 88' lang='lat' dir='ltr'><strong>etprocurationcm</strong></span> <span class='ocrx_word' id='word_1_334' title='bbox 506 3808 643 3867; x_wconf 82' lang='lat' dir='ltr'><strong>humanae</strong></span> <span class='ocrx_word' id='word_1_335' title='bbox 661 3810 738 3867; x_wconf 85' lang='lat' dir='ltr'><strong>ritae</strong></span> <span class='ocrx_word' id='word_1_336' title='bbox 748 3810 853 3887; x_wconf 88' lang='lat' dir='ltr'><strong>putatis</strong></span> <span class='ocrx_word' id='word_1_337' title='bbox 863 3824 928 3865; x_wconf 83' lang='lat' dir='ltr'><strong>esse</strong></span> <span class='ocrx_word' id='word_1_338' title='bbox 938 3802 1122 3882; x_wconf 51' lang='lat' dir='ltr'><strong>dispositos?</strong></span> 
     </span>
    </p>
   </div>
   <div class='ocr_carea' id='block_1_5' title="bbox 131 3884 1111 3955">
    <p class='ocr_par' dir='ltr' id='par_1_7' title="bbox 131 3884 1111 3955">
     <span class='ocr_line' id='line_1_42' title="bbox 131 3884 1111 3955; baseline -0.002 -8"><span class='ocrx_word' id='word_1_339' title='bbox 131 3888 191 3955; x_wconf 84' lang='lat' dir='ltr'><strong>Scd</strong></span> <span class='ocrx_word' id='word_1_340' title='bbox 202 3900 232 3947; x_wconf 89' lang='lat' dir='ltr'><strong>ct</strong></span> <span class='ocrx_word' id='word_1_341' title='bbox 249 3884 317 3951; x_wconf 88' lang='lat' dir='ltr'><strong>illud</strong></span> <span class='ocrx_word' id='word_1_342' title='bbox 335 3889 486 3953; x_wconf 84' lang='lat' dir='ltr'><strong>addemus:</strong></span> <span class='ocrx_word' id='word_1_343' title='bbox 507 3891 1111 3953; x_wconf 82' lang='lat' dir='ltr'><strong>mundus&#39;lricsinedubiolactuscstotcst</strong></span> 
     </span>
    </p>
   </div>
   <div class='ocr_carea' id='block_1_6' title="bbox 0 0 1326 4400">
    <p class='ocr_par' dir='ltr' id='par_1_8' title="bbox 0 0 1326 4400">
     <span class='ocr_line' id='line_1_43' title="bbox 0 0 1326 4400; baseline 0 0"><span class='ocrx_word' id='word_1_344' title='bbox 0 0 1326 4400; x_wconf 95' lang='lat' dir='ltr'><strong> </strong></span> 
     </span>
    </p>
   </div>
  </div>
 </body>
</html>
