2634 4400
591 253 662 325 21¹!

134 458 377 527 Absurdissimum
387 470 432 521 ost
448 468 543 529 autem
563 458 674 534 dicere,
695 462 761 540 qnia
779 479 817 521 ex
834 462 1027 540 nataranpbis
1039 466 1119 525 acci-

2 548 3 593 t
135 547 186 613 dat
205 548 263 626 pati
281 547 366 617 maia,
387 548 412 611 si
429 567 488 605 non
505 547 583 625 prius
600 558 723 626 peccata
739 551 966 626 praecesserint.

162 632 242 694 ⁴51,
279 632 318 698 Et
335 631 403 699 idco
423 633 447 691 si
465 632 563 698 salutis
578 652 673 693 curam
684 635 822 710 gerimus,
843 623 1121 709 anteomniascienss

134 720 194 785 tiae
214 716 349 783 debemus
369 736 486 797 operam
505 716 586 789 dare,
607 720 681 777 certi
717 718 835 797 quodsi
856 740 937 789 mens
964 732 1064 789 nostra
1089 724 1118 792 ip

129 805 299 883 ignorantia
316 813 495 882 perseveret,
517 822 573 863 non
592 804 682 864 solunt
701 805 818 881 genesis
835 804 925 877 maia,
944 805 1000 865 scd
1016 817 1046 866 st
1063 808 1119 877 abia

135 890 317 951 extrinsecus
335 907 521 967 quaecunque
541 887 726 954 daemonibus
741 890 800 951 visa
809 891 917 949 fuerint
926 892 1117 968 perferemus,

134 977 191 1039 nisi
208 985 300 1035 unctus
319 974 413 1051 legum
433 984 462 1033 et
479 974 566 1033 sutrini
585 973 683 1039 iudicii
700 974 821 1037 obsistat
848 976 978 1045 omnibus
992 976 1119 1050 -desidc-

134 1063 197 1131 riis,
219 1071 249 1121 et
266 1060 399 1137 impetum
417 1056 558 1137 peccandi
576 1060 718 1126 refrenet.
748 1058 820 1122 Nam
839 1072 870 1119 ct
887 1060 1024 1130 humanus
1033 1064 1119 1133 timor

133 1146 223 1209 multa
241 1145 328 1217 bona,
350 1145 539 1211 muita-etiam
567 1145 640 1208 male
665 1146 738 1222 agit,
768 1165 841 1223 quae
868 1148 1117 1224 genesismescit,

135 1233 209 1293 siout
227 1249 312 1308 snpra
331 1228 516 1291 ostendimus.
562 1229 682 1308 Triplici
700 1231 789 1308 igitur
806 1230 891 1290 modo
914 1251 994 1293 mens
1020 1245 1119 1294 nostra

77 1354 80 1356 -
127 1315 282 1376 *erroribus
301 1314 441 1385 subiacet,
463 1334 500 1373 ex
518 1314 562 1375 bis
580 1333 653 1393 quae
676 1334 730 1393 per
755 1316 855 1383 malam
883 1317 1117 1378 consuetudinem

133 1392 261 1471 veniunt,
282 1400 327 1459 vel
347 1418 383 1457 ex
401 1400 445 1457 his
465 1418 536 1477 quae
556 1418 660 1476 corpus
679 1401 848 1459 naturaliter
865 1403 997 1478 suggerit
1005 1401 1120 1481 desidp·

133 1488 197 1558 riis,
218 1486 263 1549 voi
284 1504 320 1543 ex
338 1485 382 1543 bis
401 1504 473 1563 quae
493 1486 657 1543 contrariae
677 1495 836 1562 potestates
863 1496 1038 1563 perurgent3
1067 1487 1120 1547 scd
1185 1494 1188 1499 '

134 1573 178 1633 bis
195 1570 476 1648 singulisobsistere
495 1580 525 1627 et
543 1588 707 1647 repugnare
722 1569 809 1628 habet
818 1572 847 1628 in
856 1582 956 1629 natura
966 1591 1016 1630 sua
1026 1592 1117 1644 mens,

135 1677 200 1717 cunr
218 1658 246 1717 ei
265 1654 416 1716 obfulserit
433 1656 564 1713 veritatis
583 1656 706 1733 agnitio,
727 1674 781 1733 por
799 1675 881 1735 quam
908 1657 1056 1715 scientiam
1083 1659 1119 1716 ti-

128 1762 199 1803 anor
216 1742 303 1805 futuri
321 1738 420 1807 iudicii
439 1739 541 1811 datur,
555 1741 602 1818 qui
621 1742 657 1799 sit
674 1740 796 1800 idoneus
813 1741 924 1809 animae
943 1742 1120 1819 gubernator

136 1838 167 1887 et
184 1827 231 1906 qni
250 1844 313 1890 cara
332 1826 423 1903 possit
441 1826 767 1904 acoucupisceutiarnm
775 1827 954 1905 praecipitiis
964 1846 1116 1887 reuocare.

137 1913 209 1985 Quia
227 1930 299 1990 ergo
319 1912 375 1975 siut
391 1911 465 1971 haec
483 1912 512 1972 in
531 1922 629 1972 nostra
647 1922 803 1989 potestate,
824 1911 1124 1983 sufficienterdictum'

136 2008 191 2061 osb·
831 2041 839 2061 .

177 2082 236 2145 52.
281 2080 365 2143 Nunc
384 2094 415 2145 et
432 2094 463 2144 tu
481 2102 583 2154 senex,
603 2083 627 2143 si
647 2082 716 2161 quid
733 2083 822 2144 babes
840 2079 917 2163 qood
933 2082 972 2143 ad
989 2084 1120 2162 baccro-

136 2168 292 2248 spoudeas,
312 2168 419 2248 incipe.
467 2167 565 2228 Senex
583 2167 620 2228 ad
637 2168 727 2227 haee:
748 2167 928 2240 Plenissime,
949 2170 1001 2240 ait,
1022 2180 1120 2242 ostorp
1197 2189 1201 2195 ·

136 2253 203 2316 disti
222 2255 282 2326 titi,
298 2253 351 2312 sed
369 2273 426 2332 ego
445 2255 520 2316 sicut
538 2253 597 2312 dixi
616 2272 653 2310 cx
671 2253 766 2324 initio,
788 2255 864 2312 omni
885 2253 952 2312 huic
974 2254 1120 2332 incompa-

135 2340 218 2400 rabili
233 2339 394 2401 assertioni
412 2349 489 2409 tuac,
511 2358 528 2401 a
545 2339 665 2416 propria
682 2338 862 2396 conscientia
878 2337 1044 2416 prohibeor
1070 2359 1120 2398 ao·

66 2467 69 2474 ·
135 2423 318 2488 commodare
339 2439 521 2486 consensum.
567 2421 643 2480 Novi
662 2423 737 2490 enim
756 2434 787 2482 et
813 2441 905 2482 meam
932 2425 1061 2500 geneum
1090 2435 1121 2482 et

136 2511 269 2586 coniugis
287 2527 380 2578 meac,
402 2519 433 2569 et
450 2508 511 2566 scio
531 2527 566 2567 ea
585 2525 657 2586 quae
676 2509 829 2586 unicnique
847 2519 976 2568 nostrum
995 2507 1121 2577 dictabat

134 2595 253 2673 genesis
272 2591 425 2665 accidisse,
446 2604 477 2652 ct
494 2593 529 2656 ab
548 2593 592 2656 bis
611 2611 684 2671 quae
708 2592 795 2653 rebus
818 2604 852 2652 et
878 2593 1014 2672 operibus
1029 2612 1120 2652 -com-

134 2689 220 2759 perta
238 2677 400 2750 snutraim,
420 2697 495 2737 nunc
513 2677 609 2738 verbis
627 2678 780 2744 transferri
799 2699 855 2736 non
874 2699 1001 2756 possum.
1030 2678 1120 2739 Deni-

135 2783 191 2844 que
211 2765 343 2842 quoniam
362 2774 391 2822 te
406 2763 537 2843 adprime
556 2763 691 2827 imbutum
708 2760 794 2824 video
814 2765 842 2822 in
855 2763 1051 2824 huiuscemodi
1062 2764 1132 2840 dis-'
1151 2782 1155 2791 ·

136 2850 264 2928 eipiiuis,
293 2847 359 2912 audi
386 2851 518 2927 coniugis
546 2868 629 2910 ineas
655 2849 761 2920 tbemm
790 2860 822 2909 ct
846 2851 986 2911 invenies·
1003 2851 1120 2912 schema

136 2935 215 2994 cuius
235 2936 327 2992 exitus
346 2931 463 2995 accidit.
510 2934 615 2996 Habuit
634 2935 708 3009 enim
722 2933 844 2995 Martem
864 2955 928 2994 enm
937 2936 1055 2996 Venere
1073 2957 1120 2999 su-
1156 2924 1179 2975 ⁸·

135 3040 189 3099 pen
206 3031 356 3091 centrum,
385 3018 493 3082 Lunam
520 3038 591 3078 vero
617 3019 647 3080 in
674 3035 781 3086 occasu
807 3020 836 3077 in
863 3018 992 3079 domibus
1015 3020 1120 3088 ,Martis

119 3113 166 3164 'ct
182 3104 285 3167 finibus
304 3103 438 3176 Saturni,
459 3103 536 3182 quod
552 3103 669 3170 schema
694 3102 840 3162 adulteras
867 3105 938 3162 facit
964 3112 994 3163 et
1020 3124 1120 3173 servos

134 3189 268 3269 proprios
286 3189 395 3260 amare,
416 3190 445 3249 io
464 3179 701 3266 peregrinatione
719 3189 788 3248 etin
797 3189 879 3267 aquis
893 3187 1023 3267 defungi,
1044 3190 1120 3268 qnod

114 3287 166 3346 ,et
183 3277 223 3337 it'n
241 3276 346 3336 foetum
366 3285 427 3346 cst,
451 3273 554 3335 incidit
571 3293 694 3352 namque
709 3275 741 3332 in
758 3292 883 3334 amorem
902 3276 991 3344 servi,
1020 3287 1051 3333 ct
1068 3293 1120 3353 pe-

132 3361 255 3424 rieulum
283 3360 364 3422 simul
391 3370 476 3438 atque
505 3359 690 3442 opprobrium
715 3369 846 3420 metucns
868 3360 944 3436 sagit
961 3379 1025 3418 cnm
1042 3361 1117 3438 ipso,

131 3457 167 3508 et
192 3464 318 3526 peregre
345 3446 477 3522 profecta
505 3445 553 3506 ubi
579 3446 671 3525 amori
697 3464 750 3504 suo
777 3445 941 3518 satisfecit,
978 3447 1067 3524 periit
1091 3447 1119 3509 in

129 3549 218 3594 marn.
384 3587 385 3594 ,

176 3615 234 3678 55.
278 3615 319 3678 Et
332 3635 393 3694 ego
412 3615 570 3695 respondi:
596 3614 678 3676 Unde
705 3617 763 3679 scis
789 3617 856 3694 qnia
881 3635 1008 3695 peregre
1035 3635 1120 3676 servo

132 3721 188 3764 suo
206 3703 317 3768 sociata
335 3713 380 3762 cst
399 3713 429 3762 et
444 3703 476 3760 in
494 3701 557 3762 eius
575 3703 723 3767 consortio
751 3703 846 3781 posita
871 3700 1057 3778 defungitur?
1083 3701 1122 3760 Et

132 3806 243 3850 senes:
271 3787 452 3859 (lentissime,
472 3788 574 3866 inquit,
595 3787 669 3858 scio,
689 3805 791 3851 revera
817 3807 875 3849 non
902 3787 967 3865 onia
992 3789 1122 3866 nupserit

136 3889 244 3947 nenvo,
274 3872 376 3953 quippe
404 3874 451 3952 qai
477 3890 571 3952 neque
595 3872 653 3935 ,bor
680 3871 794 3952 quidem
819 3869 896 3952 quod
922 3890 986 3941 eum
1012 3883 1122 3937 amaret
