2634 4400
599 220 668 287 tot

143 424 235 487 sotum
253 444 325 503 opus
342 444 420 497 esse,
441 423 493 485 sod
512 436 542 485 et
560 424 787 503 providentium?
814 428 888 500 Nam
906 430 1010 509 quod
1001 453 1030 491 ιιι
1048 443 1128 493 terra

143 521 256 573 meotes
271 510 384 571 eusebi
403 511 492 573 cortis
514 511 671 592 quibusque
688 513 865 574 babootur
856 536 886 573 ιιι
912 517 1005 588 iocis,
1032 529 1065 577 ut
1092 539 1129 579 ex

140 596 187 655 bis
205 588 284 655 uelut
302 615 483 696 compressos
502 607 533 657 et
557 608 761 675 coangustatus
788 618 841 659 cor
871 601 1053 666 ordinatione
1081 602 1128 665 dei

143 692 267 760 cogatur
285 692 316 739 et
333 680 510 759 exprimatur
527 683 555 739 ia
575 694 689 754 vectos,
709 702 747 743 ex
765 685 865 764 quibus
883 696 915 745 et
930 688 1041 747 fructus
1055 708 1128 767 ger-

140 785 208 825 ιιιιιι
227 768 402 847 coneipiuut,
423 778 452 827 et
470 768 595 827 aestivus
622 767 711 829 ardor
737 772 906 848 temperiem
931 783 1034 845 sumat,
1064 794 1128 833 com

144 844 304 915 Pleiades'
296 853 404 928 ignitae
424 852 492 911 solis
510 851 660 913 ardoribus
683 854 893 916 incanduerint.
941 856 1001 923 sm
1028 857 1125 919 dices:

143 937 203 999 Cur
220 947 250 997 et
266 936 355 997 artior
372 938 457 1009 solis,
486 946 516 997 ut
532 941 689 1017 temperies
715 942 895 1019 requiratur?
921 942 959 1001 Et
985 942 1128 1025 quomodo

139 1025 244 1100 fruges
260 1022 391 1082 humanis
408 1022 505 1081 usibus
524 1026 709 1083 necessariae
727 1033 975 1087 maturescerent?
1018 1028 1080 1089 set
1097 1041 1128 1090 et

139 1105 212 1168 ittet
230 1106 361 1178 adverte,
381 1094 472 1185 ouoil
476 1107 511 1168 ad
530 1128 612 1169 ιιιιιι
628 1109 830 1183 meridianum,
850 1112 898 1185 ubi
916 1114 979 1192 pios
993 1115 1127 1174 esteuior

138 1194 193 1265 ris,
214 1213 272 1253 uou
290 1194 376 1251 muita
394 1192 477 1253 datur
495 1193 607 1256 nubium
627 1197 812 1277 cocmipatio,
831 1217 888 1256 ιιιι
905 1198 1053 1261 abundem
1075 1220 1127 1259 co-

137 1280 189 1357 pie
207 1278 338 1339 inbrium
356 1277 494 1351 funditur,
523 1298 560 1339 ιιι
587 1277 703 1339 morbus
729 1281 922 1343 babitantibus
950 1296 1124 1362 generetur,-

140 1362 274 1425 bumirlao
293 1365 367 1421 euim
392 1363 494 1436 nubes,
523 1366 546 1425 si
575 1366 672 1425 calare
700 1366 801 1444 rapido
829 1380 999 1445 coquantur,
1029 1390 1126 1431 aerem

139 1460 306 1527 corruptum
325 1460 356 1507 et
378 1450 545 1527 pestiferum
573 1447 708 1517 reddunt.
754 1450 814 1510 Seri
841 1464 872 1511 et
898 1465 979 1513 terra
1003 1453 1127 1515 calidum

139 1534 261 1596 imbrem
280 1535 450 1613 suscipiens,
472 1536 880 1613 connutrimoatascgetibus,
901 1537 953 1597 sed
967 1541 1126 1618 perniciem

139 1619 279 1699 praebet,
300 1621 328 1679 iu
348 1640 403 1698 quo
423 1620 484 1697 quis
503 1619 613 1696 dubitat
640 1642 711 1699 opus
739 1641 803 1681 esse
831 1621 945 1683 divinae
971 1623 1127 1702 providea-

141 1706 218 1764 tiae't
236 1703 367 1783 Denique
384 1704 549 1784 Aegyptus,
566 1708 641 1784 ‚quia
665 1704 848 1785 Aethiopicis
867 1727 884 1766 e
901 1709 997 1767 vicino
1024 1711 1128 1787 flagret

138 1788 306 1861 ardoribus,
327 1807 369 1852 ae
383 1790 557 1851 insanabiles
574 1793 852 1869 corruptelas-aeris
870 1793 1000 1854 imbrium
1021 1812 1127 1857 oeces-

138 1879 226 1940 eitatc
237 1877 409 1960 susciperet,
422 1876 513 1955 compi
524 1877 586 1935 eius
596 1896 652 1935 nou
663 1877 785 1955 pluvium
794 1878 915 1939 nubibus
924 1880 1124 1952 ministratam,

140 1960 194 2022 sed
207 1972 352 2026 terrenum
364 1960 571 2039 quodammodo
582 1962 701 2023 imbrem
710 1961 779 2021 Niio
790 1963 945 2026 inundante
954 1966 1124 2045 suscipiunt.
1226 1953 1230 1961 ’

183 2045 240 2109 Μ’.
288 2046 362 2119 Quid
380 2045 415 2105 de
434 2048 560 2109 sontibus
579 2046 706 2110 dicemus
725 2058 756 2108 et
773 2050 880 2121 fluviis,
899 2052 1079 2129 quiporeuci
1096 2052 1126 2115 iu
1174 2040 1180 2059 ’

137 2151 220 2195 mere
238 2133 463 2193 ssuuut'meatu?
490 2132 527 2191 Et
548 2153 601 2215 per
619 2132 743 2193 divinam
769 2134 977 2213 provideatiam
995 2156 1051 2200 aec
1068 2137 1127 2196 iilis

140 2217 287 2280 abundans
306 2216 405 2279 debuit
423 2218 533 2290 cursus,
555 2238 609 2278 ιιιι
628 2238 706 2278 mare
725 2230 818 2278 mutas
835 2221 1126 2299 aquaromrccipieos

139 2306 241 2384 copies
260 2304 344 2364 obium
361 2304 451 2365 sentit
466 2314 662 2381 augmentum,
681 2303 736 2362 set
752 2305 782 2361 iu
809 2302 910 2366 eedem
937 2323 1070 2367 measure
1096 2317 1127 2366 ot

140 2409 178 2450 ea
197 2389 452 2470 quarteriorum,
475 2398 504 2448 et
522 2407 557 2448 ca
577 2407 649 2467 quac
659 2387 699 2446 ibi
709 2388 898 2451 conteruntur
907 2388 1051 2450 elementa
1058 2409 1126 2469 per

140 2475 255 2537 durant.
303 2472 363 2534 Sed
380 2472 454 2535 ilicis
470 2473 559 2534 mibi:
589 2472 672 2534 Salsu
697 2491 771 2552 aqua
798 2474 968 2538 naturaliter
984 2471 1126 2548 consumit

139 2563 275 2622 fluentum
295 2556 486 2638 dolemqucd
504 2559 531 2622 ei
555 2560 643 2618 iuerit
669 2559 802 2619 infusum.
848 2558 887 2617 Et
913 2560 942 2618 iu
968 2559 1025 2618 boe
1053 2579 1125 2638 orgo

140 2646 321 2708 menifestum
340 2655 384 2706 est
402 2641 602 2724 providentiae
621 2663 711 2722 opas,
729 2653 774 2702 ut'
788 2643 891 2704 salsum
917 2645 1030 2707 faceret
1055 2643 1126 2704 tttut

137 2732 324 2803 elementum,
345 2731 373 2792 in
392 2728 469 2808 quod
487 2749 587 2790 cursus
606 2731 730 2803 emnium
747 2749 895 2808 aquarum,
915 2749 987 2808 queo
1000 2728 1125 2793 cdusmu

139 2815 300 2877 bominibus
317 2816 513 2894 praestiterat,
534 2813 705 2888 declinavit;
720 2817 775 2874 -uti
792 2834 830 2874 ue
848 2834 903 2894 per
919 2825 998 2876 muta
1016 2815 1125 2876 saecuti
1223 2872 1227 2879 .

140 2903 244 2980 spatia,
264 2901 392 2978 repictus
411 2902 496 2962 maris
515 2901 612 2960 alveos
631 2898 845 2961 inundationem
862 2901 1054 2979 perniciosam
1064 2911 1126 2960 ter-

137 2989 181 3048 ris
198 2997 230 3047 et
246 2985 407 3048 bominibus
425 2982 574 3044 redieret.
622 2984 686 3044 Nec
705 2987 744 3045 itu
753 2987 899 3062 quisquam
909 2987 1046 3064 insipieus
1056 2987 1123 3055 erit,

137 3081 172 3128 ut
189 3069 263 3128 hauc
282 3079 387 3130 tantam
406 3071 546 3130 rationem
565 3079 728 3146 tantamque
746 3066 1126 3145 providentiamabirratio-

139 3153 228 3217 cubiti
247 3163 347 3212 natura
365 3155 521 3214 arbitretur
539 3172 604 3218 esse
623 3151 803 3230 dispositam.

184 3236 242 3302 iiii.
290 3236 363 3311 Quid
379 3251 473 3304 autem
493 3237 530 3300 de
548 3237 691 3316 virgultis,
712 3235 1125 3316 quiideauioabbusdicamt

140 3323 246 3387 Nouae
265 3343 318 3402 per
336 3323 543 3401 providentium
562 3325 667 3388 sectum
687 3333 750 3394 est,
777 3335 810 3385 ut
836 3341 899 3385 cum
916 3333 1038 3386 senecta
1053 3333 1126 3384 tem·

138 3411 219 3489 poris
236 3409 463 3481 resolverentur,
483 3411 608 3488 virgulta
621 3405 740 3486 cuidem
761 3408 807 3470 vei
824 3408 929 3487 piamb
946 3409 993 3468 vei
1010 3408 1126 3470 semiui-

140 3495 193 3558 bus
210 3513 284 3572 quae
302 3495 364 3572 ipsa
381 3492 526 3566 dederint,
546 3495 679 3555 animatia
695 3494 765 3560 ver'o
783 3513 836 3573 per
853 3495 1023 3572 progeniem
1040 3512 1126 3572 repa-

137 3584 259 3640 rentur?
282 3579 320 3642 Et
336 3577 410 3640 mira
427 3578 546 3658 quadam
564 3579 779 3657 disponsatione
805 3577 1005 3658 providentiae
1030 3579 1126 3638 casci-

138 3675 206 3724 turo
223 3667 324 3743 pecori
342 3664 387 3724 iac
406 3665 639 3744 praeparatoria
658 3663 806 3735 uberibus,
824 3665 973 3722 aestatim
991 3673 1125 3723 atratum
1221 3728 1225 3732 ,

137 3749 242 3821 meria,
267 3749 344 3811 rullo
363 3748 488 3811 docente
507 3750 562 3808 scit
580 3747 627 3810 ubi
646 3749 800 3812 oiimooiae
818 3766 887 3808 auae
904 3747 1126 3824 borroarepui-

141 3843 198 3894 rat.
245 3832 407 3912 Giguuutur
424 3845 519 3896 eutem
537 3853 593 3892 nou
612 3833 703 3892 solum
721 3850 831 3903 mares,
861 3830 913 3895 sed
939 3842 970 3893 et
986 3832 1123 3903 feminae,
