2634 4400
591 303 638 364 ,55

123 522 231 588 cerpus
249 504 387 566 adsumsit
409 517 438 566 ιι
465 510 541 566 iuter
558 505 683 568 ludaeos
701 519 783 566 natus
802 517 857 580 est,
878 508 1030 588 morundo
1048 517 1106 570 ιιι

123 589 255 652 omnibus
281 592 363 652 vobis
389 594 534 652 incentivu
560 595 604 651 sui
630 595 737 652 amoris
759 595 897 653 incussit?
915 594 995 654 llaec
1014 607 1045 654 ct
1061 596 1105 654 ιιιι

123 679 228 738 similia
245 697 309 736 cum
327 689 506 756 perorasset,
527 676 642 736 dicendi
662 679 746 736 linem
764 679 846 738 lecim

166 761 224 822 ui.
269 762 349 820 'l'uuc
368 762 491 840 Caiphae
510 761 669 822 doctrinam
688 762 753 821 lesu
772 765 888 862 cuipare
902 764 1043 836 tentabat,
1063 763 1107 826 tii-

123 867 195 908 ceus
214 867 277 906 eum
296 867 344 906 ιιι
362 867 450 908 vanus
467 848 608 906 locutum:
635 847 739 906 beatos
758 850 833 908 enim
860 855 1003 938 pauperes
1021 849 1105 923 dixit,

124 944 156 992 ιι
173 943 306 996 terrenas
324 933 389 990 fore
408 934 653 992 remunerationes
671 933 812 1032 premisit,
841 952 889 991 ac
894 954 1028 992 summam
1047 953 1107 993 mu·

124 1019 204 1076 neris
222 1019 250 1075 in
269 1027 393 1076 terrene
404 1017 566 1077 hereditate
585 1019 745 1088 constitnit,
766 1017 895 1097 cibisque
913 1037 948 1078 uc
966 1029 1036 1098 potu
1053 1027 1107 1078 eos

123 1104 173 1182 qui
191 1103 326 1174 iustitium
344 1104 497 1174 servarint,
518 1101 650 1180 promisit
668 1121 734 1162 csse
752 1101 938 1177 saturandum
959 1115 990 1163 et
1006 1105 1091 1162 iris
1068 1125 1107 1163 ιι-

123 1188 202 1245 milia
229 1187 315 1254 multu
337 1185 471 1246 docuisse
491 1185 727 1266 deprehenditur·
775 1187 828 1246 Cui
844 1187 967 1248 Thomas
985 1207 1107 1268 respon·

123 1271 197 1331 dens
216 1273 311 1349 arguit
328 1291 393 1330 eum
411 1273 518 1331 frustra
535 1281 733 1343 caussantem,
763 1271 935 1345 ostendens,
956 1274 1022 1352 quia
1038 1293 1107 1352 pisu-

123 1357 231 1436 phetae
249 1357 353 1434 magis,
374 1355 474 1435 quihus
493 1358 578 1416 etiarn
597 1359 660 1436 ipse
679 1354 784 1427 credit,
804 1359 846 1416 ita
864 1356 1032 1430 docuerint,
1052 1375 1107 1418 nec

123 1453 220 1500 tamen
248 1441 390 1520 quomodo
418 1453 502 1500 erunt
532 1441 605 1501 llaec
642 1453 692 1500 aut
718 1440 859 1520 quomodo
895 1444 1105 1521 percipientur,

123 1525 321 1598 ostenderint,
350 1527 430 1586 iesus
457 1545 527 1586 reru
554 1525 678 1605 qualiter
694 1528 789 1605 accipi
807 1527 881 1584 hacc
899 1523 1036 1606 deleant,
1056 1526 1107 1586 dc·

123 1611 337 1670 monstraverit.
366 1610 403 1668 ιιι
422 1631 484 1669 cum
503 1611 576 1670 huec
595 1621 681 1691 atque
698 1610 743 1669 inis
761 1611 864 1671 similia
881 1602 964 1691 plura
973 1610 1105 1684 dixisset,

122 1694 204 1754 siluit
219 1697 305 1754 etiam
326 1695 460 1754 Thomas,
784 1744 790 1753 .

166 1777 235 1840 (ιιι
272 1779 342 1840 Post
358 1781 432 1838 haec
450 1787 560 1840 rursum
580 1767 704 1859 Cniplms
722 1801 767 1840 me
786 1766 917 1853 intuens,
936 1791 967 1840 ct
983 1786 1059 1840 nunc
1076 1792 1109 1840 ut

19 1875 20 1878 ’
123 1882 256 1936 monens,
276 1883 350 1923 nunc
369 1880 439 1924 vero
456 1876 490 1922 ιιι
508 1865 637 1944 enipeus,
658 1864 785 1939 dicebat,
806 1884 924 1929 cessare
932 1885 980 1924 mc
997 1863 1107 1926 dehere

123 1949 162 2008 de
181 1951 292 2028 reliquo
310 1968 327 2007 a
345 1946 565 2027 praedicatione
575 1948 682 2008 Christi
696 1949 772 2021 lesu,
793 1951 869 2009 nein
879 1951 1038 2030 perniciem
1049 1953 1108 2010 mei
1126 1962 1129 1967 “

123 2035 180 2094 lroc
199 2052 330 2112 agerem,
351 2052 424 2094 neve
442 2035 506 2114 ipsc
525 2053 629 2094 errore
657 2033 798 2114 deceptus
819 2035 892 2094 aiios
911 2054 1024 2114 quoquo
1041 2054 1107 2094 meo

123 2137 228 2179 errore
247 2117 424 2198 deciperem.
470 2119 540 2178 Tum
559 2130 715 2199 praeterea
732 2119 874 2198 arguebat
891 2139 937 2180 me
959 2121 1107 2179 temerita-

124 2206 174 2276 tis,
203 2203 279 2283 qnod
306 2223 369 2262 cum
391 2222 489 2263 essem
511 2206 573 2284 ipsc
592 2207 753 2283 imperitus,
774 2207 903 2283 piscator
921 2213 952 2263 ιιι
968 2207 1106 2277 rusticus,

124 2289 252 2348 cilicium
278 2288 375 2348 subire
398 2288 528 2348 doctoris
546 2288 694 2349 cuderem.
741 2290 822 2348 llaec
841 2300 872 2349 et
888 2291 946 2348 alia
963 2290 1046 2367 plura
1062 2290 1107 2347 iis

123 2372 356 2473 similitudieem,
368 2393 424 2453 ego
435 2392 547 2451 qnoque
565 2374 594 2431 in
613 2373 685 2433 iraec
695 2373 783 2432 verina
792 2372 946 2451 respondi:
965 2372 1035 2431 ιιιιιι
1046 2374 1107 2451 qui-

125 2458 190 2518 dem
209 2460 299 2517 minus
318 2476 381 2517 esse
400 2458 578 2535 periculi,
555 2478 591 2528 ιι,
611 2469 643 2516 ut
660 2460 725 2536 ipse
742 2459 794 2528 ιιι,
819 2458 874 2516 ιιιι
893 2478 951 2516 non
969 2459 1007 2515 'sit
1024 2457 1107 2517 Giri-

123 2554 197 2613 stus‚
218 2544 283 2622 quia
301 2542 451 2601 duetorem
470 2543 544 2621 legis
562 2544 741 2621 receperim,
762 2535 818 2621 ipsi
835 2562 907 2602 veru
924 2543 1027 2621 ingens
1040 2560 1107 2602 esse

123 2626 292 2698 discrimen,
312 2629 338 2686 ιι
355 2628 428 2686 iric'
420 2646 483 2707 ipse
502 2629 540 2686 sit
558 2628 699 2699 Christus,
719 2630 795 2686 sicut
812 2638 844 2687 ct
861 2638 942 2687 certe
962 2638 1018 2702 est.
1042 2626 1108 2705 ligo

124 2714 201 2772 enim
220 2712 313 2795 crede
329 2713 393 2771 liuic
421 2714 467 2792 qui
494 2713 642 2812 qpparuit3
671 2714 734 2792 ipsc
752 2723 847 2771 autem
875 2713 923 2773 cni
945 2697 994 2771 ulii
1021 2709 1107 2772 fidem

19 2820 20 2827 ¹
123 2816 243 2859 servare
270 2816 303 2867 se
330 2796 436 2869 credit,
466 2798 513 2877 qui
531 2798 624 2857 nuilus
642 2799 793 2877 apparuit?
815 2796 849 2857 si
866 2803 938 2857 νιιι
955 2809 986 2857 ιι
1003 2795 1106 2869 idiota,
1192 2829 1194 2831 v

123 2893 157 2942 ut
173 2884 228 2955 ais,
258 2894 288 2942 et
305 2882 454 2961 imperitus
472 2900 507 2941 ec
526 2884 655 2961 piscator
671 2894 703 2942 ιι
719 2884 860 2955 rusticus,
880 2900 969 2962 super
986 2882 1110 2962 purely:

122 2978 209 3053 teres
222 2968 370 3051 sepientes
387 2968 559 3066 intelligam,
577 2968 634 3027 hoc
652 2967 743 3040 uhi,
735 2982 865 3047 nuquam,
893 2968 985 3046 magis
1002 2978 1108 3027 metum

124 3032 215 3111 delict
246 3053 389 3109 incutere.
435 3050 509 3109 Nam
536 3053 560 3110 si
587 3070 625 3111 cx
651 3050 816 3111 eruditione
841 3053 953 3131 aliqua
962 3049 1109 3129 disputans

124 3136 287 3195 obtinerem
304 3154 357 3192 vos
375 3134 710 3211 sapienteseteruditos‚
730 3135 986 3213 ridereturnthue
999 3134 1108 3193 doetri-

124 3242 163 3280 ιιι
179 3221 235 3279 hoc
254 3218 321 3277 milii
340 3218 419 3296 longi
437 3220 575 3298 temporis
602 3230 632 3279 ιι
657 3240 715 3279 non
734 3219 850 3277 divinoe
876 3218 989 3288 virtutis
1015 3220 1110 3297 gratia

124 3305 295 3375 contulisse,
324 3322 398 3362 nunc
416 3314 510 3363 nutem
530 3323 593 3363 cunr
620 3314 651 3365 ut
676 3303 735 3362 dixi
761 3323 815 3361 uos
840 3304 965 3382 imperiti
990 3324 1044 3364 ros
1061 3324 1108 3365 se·

125 3390 240 3467 pientes
259 3389 453 3447 convincimus
472 3399 503 3447 et
519 3406 702 3466 superamus,
723 3389 770 3447 cui
787 3397 901 3447 sensum
915 3387 1032 3448 habenti
1050 3409 1108 3449 non
1154 3397 1159 3404 '

124 3474 217 3553 palam
244 3484 301 3544 est,
331 3473 396 3551 quia
422 3473 478 3532 hoc
504 3494 561 3531 non
579 3474 718 3533 humanae
737 3474 869 3571 argutiae
888 3492 959 3553 opus
978 3485 1035 3546 est,
1051 3470 1108 3534 sed
1181 3502 1186 3508 ·

126 3556 240 3617 divinae
258 3558 412 3619 voluntatis
430 3568 461 3617 et
478 3559 621 3617 muneris?

169 3640 225 3701 65.
272 3642 351 3701 ilaec
371 3644 460 3721 igitur
477 3652 509 3703 et
523 3643 580 3703 aila
598 3642 758 3703 huiusmodi
785 3652 1007 3722 prosequentes,
1037 3662 1106 3703 con·

19 3800 20 3803 ,
127 3738 282 3803 sequenter
299 3728 452 3806 protestati
470 3746 564 3786 sumus
582 3747 616 3786 uc
636 3727 783 3787 docuimus
801 3738 854 3787 nos
873 3728 997 3806 imperiti
1016 3738 1046 3785 et
1064 3729 1107 3805 pi·

127 3822 269 3882 scatores,
289 3810 457 3871 sacerdotes
476 3812 588 3891 quidem
608 3810 644 3871 de
663 3834 720 3871 uno
738 3814 801 3871 solo
819 3811 974 3891 deolcocli,
996 3810 1107 3869 Saddu-

128 3909 215 3956 caeos
234 3895 270 3957 de
289 3899 505 3961 resurrectione
522 3908 711 3971 mortuorum,
732 3897 887 3957 Sumamtas
905 3896 941 3957 dc
952 3914 1107 3957 consecra·

823 4039 826 4045 ,
874 3984 894 4040 3
