2634 4400
687 216 733 276 att

603 309 816 324 u—-a--uuu—-a

199 425 347 502 boribus,
367 421 566 502 montibusque
585 441 619 480 ao
643 421 781 492 lontibus,
802 430 833 481 et
849 419 1022 492 fluminibus,
1042 429 1074 479 ot
1087 422 1204 480 unirer·

218 512 268 580 sis,
281 520 311 567 ut
322 507 454 580 diximus,
467 527 539 587 quae
548 509 671 568 lecerat.
692 506 809 565 blultum
821 508 895 566 enlm
905 507 1065 584 estiropor
1074 507 1199 584 singula.

217 595 325 658 Statuit
343 613 414 672 ergo
442 593 552 670 angelis
575 593 707 669 angelum
726 592 901 670 prinoipem,
926 601 956 650 et
978 591 1124 670 spiritibus
1142 593 1203 669 spi.

217 681 313 748 ritum,
334 677 476 738 sideribus
493 675 581 747 sidus,
603 675 789 736 daemonibus
798 675 977 746 daemonem,
998 676 1200 748 avibusavem,
1229 678 1234 682 “

218 764 319 822 bestiis
346 764 478 832 bestiam,
508 773 673 840 serpentem
700 760 894 839 serpentibus,
923 761 1032 840 piscem
1060 760 1199 839 piscibus,

217 846 377 908 bominibus
396 848 550 916 bominem,
579 847 625 923 qui
653 856 699 905 est
717 845 847 904 cbristus
865 845 956 904 lesus.
1003 845 1133 905 Cbristus
1151 865 1202 906 au·

217 945 275 992 tem
286 931 391 992 dieitur
409 933 514 992 eximio
534 930 653 1008 quodam
674 930 824 1008 religionis
841 931 914 1003 ritu3
933 951 999 988 nam
1017 931 1202 1008 sieutregunn

218 1029 283 1078 sunt
306 1015 443 1096 quaedam
462 1016 620 1075 eommunia
640 1016 765 1085 nomina,
779 1017 826 1088 ita
843 1025 874 1072 ut
891 1012 967 1092 apud
986 1013 1089 1074 Persas
1110 1012 1202 1074 Arsa·

219 1121 280 1171 ees,
311 1099 386 1178 apud
413 1099 557 1160 Romanos
585 1099 704 1169 Caesar,
733 1098 809 1178 apud
833 1097 998 1178 Aegyptios
1016 1099 1140 1171 Pharao,
1161 1101 1202 1160 ita

218 1184 294 1264 apud
321 1184 443 1244 ludaeos
471 1185 600 1244 Cbristus
636 1185 778 1244 communi
805 1185 919 1242 nornine
946 1202 1000 1244 rex
1025 1185 1199 1264 appellatur.

219 1273 327 1328 Caussa
346 1280 439 1330 autem
458 1269 540 1329 buius
559 1270 761 1348 appellationis
779 1267 923 1329 baeeest:
945 1267 1202 1347 quoniamquidem
1238 1303 1246 1308 -

219 1375 282 1414 eum
310 1366 388 1414 esset
414 1354 488 1414 lilius
516 1352 562 1412 dei
590 1363 620 1412 et
645 1355 908 1424 initinmomoium,
928 1353 1014 1412 bomo
1032 1354 1126 1412 laetus
1143 1364 1199 1426 est,

218 1439 293 1500 buno
313 1441 431 1518 primum
450 1451 534 1518 pater
552 1440 618 1498 oleo
638 1441 784 1519 perunxit,
805 1437 882 1519 quod
899 1457 937 1499 ex
954 1439 1034 1516 ligno
1051 1439 1202 1498 ritaolue-

218 1535 264 1583 rat
281 1527 411 1583 sumtum.
457 1524 504 1582 Ex
529 1524 579 1582 illo
607 1543 680 1603 ergo
707 1535 853 1602 unguento
881 1523 1009 1582 Cbristus
1026 1521 1199 1602 appellatur.

192 1605 289 1669 ‘lude
317 1608 440 1687 denique
468 1610 552 1676 eu‘am
580 1611 642 1686 ipso
666 1605 821 1667 seeundum
840 1608 1132 1686 praedestinationem
1151 1629 1202 1686 pa·
1247 1604 1254 1610 ’

219 1695 283 1764 tris,
304 1695 367 1772 pios
386 1709 523 1771 quosque,
544 1691 664 1757 eumad
681 1713 802 1771 regnum
819 1694 882 1752 eius
900 1694 1096 1771 persederint,
1125 1692 1203 1752 velut

143 1783 145 1794 '
218 1779 267 1857 qui
286 1797 417 1856 asperam
435 1779 636 1856 superaverint
654 1779 739 1851 riam,
759 1798 813 1857 pro
831 1778 959 1836 laborum
979 1779 1140 1838 relectione
1162 1779 1202 1835 si·

219 1863 279 1920 mili
307 1863 373 1921 oleo
402 1872 556 1940 perunget,
584 1873 615 1921 ut
641 1874 672 1922 et
697 1865 823 1942 ipsorum
851 1864 898 1921 lux
925 1864 1031 1934 luceat,
1053 1873 1084 1922 et
1100 1863 1202 1941 spiritu

218 1958 319 2006 saneto
338 1947 443 2026 repleti
462 1947 673 2006 immortalitate
691 1947 845 2007 donentur.
875 1947 999 2026 Virgulti
1019 1967 1088 2006 uero
1106 1947 1199 2016 baius,

217 2052 257 2090 ex
276 2052 331 2110 quo
349 2043 468 2091 sumtum
488 2043 532 2091 est
550 2031 624 2090 istud
634 2043 821 2110 unguentum,
841 2034 1002 2115 universam
1011 2043 1140 2091 naturam
1150 2031 1201 2090 tibi

112 2155 118 2165 ·
218 2115 399 2176 sufficienter
417 2119 585 2196 exposuisse
604 2137 648 2176 nne
667 2119 793 2176 memini.

260 2200 317 2261 46.
365 2200 424 2262 Sed
442 2214 472 2262 et
490 2224 563 2261 nune
581 2224 635 2282 per
652 2204 848 2263 brevissimam
867 2206 994 2282 speeiem
1018 2202 1053 2262 de
1073 2202 1202 2261 omnibus

219 2298 249 2347 te
277 2288 305 2345 in
328 2289 490 2347 memoriam
510 2288 667 2348 revocabo.
703 2289 746 2347 -ln
764 2290 911 2367 praesenti
929 2290 988 2347 uita
1005 2289 1112 2367 primus
1130 2308 1202 2367 pon·

219 2374 292 2432 tifex
318 2372 418 2432 Aaron
445 2374 605 2433 chrismatis
632 2375 843 2453 compositione
871 2385 1041 2451 perunctus,
1072 2372 1148 2451 qaod
1165 2370 1202 2431 ad

220 2459 371 2535 imaginem
400 2459 474 2517 illius
502 2458 537 2515 de
567 2478 621 2536 quo
650 2457 879 2536 supradiximus
905 2459 1042 2537 spiritalis
1064 2458 1201 2535 unguenti

219 2544 325 2601 laetum
345 2554 399 2613 est,
421 2544 555 2621 princeps
574 2545 672 2621 populi
691 2544 754 2613 luit,
776 2556 807 2602 et
824 2554 964 2621 tamquam
992 2563 1045 2602 rex
1063 2544 1202 2621 primitias

220 2639 250 2685 et
276 2626 410 2687 tributum
428 2628 595 2706 pereapita
613 2628 764 2704 accepite
782 2628 899 2705 populo,
930 2638 959 2685 et
977 2626 1121 2688 iudicandi
1140 2628 1202 2705 ple·

219 2712 283 2770 bem
316 2723 396 2771 sorte
432 2723 567 2789 suscepta
610 2709 647 2769 de
675 2710 785 2770 mundis
812 2711 1016 2790 immundisque
1038 2712 1199 2771 iudicabat.

219 2796 280 2855 Sed
306 2808 338 2855 et
361 2799 386 2855 si
410 2798 471 2875 quis
490 2797 561 2854 alius
580 2816 617 2854 nx
635 2797 698 2875 ipso
716 2808 863 2873 unguento
882 2808 1037 2874 perunctus
1055 2808 1110 2869 est,
1131 2808 1203 2856 tam·

217 2882 432 2959 quam-virtute
461 2879 526 2938 inde
553 2890 707 2959 concepta,
737 2881 792 2939 iam
819 2883 883 2960 ipse
909 2902 973 2953 rex,
994 2893 1044 2940 aut
1061 2882 1203 2961 propbeta

219 2958 319 3034 liebnt,
348 2974 397 3022 aut
423 2965 564 3042 pontifex.
613 2962 695 3038 Quod
722 2966 747 3023 si
773 2967 941 3044 temporalis
963 2968 1036 3026 baec
1053 2968 1148 3045 gratia
1166 2966 1201 3026 ab

218 3048 379 3107 bominibus
415 3050 575 3127 composita
620 3060 728 3109 tanturn
760 3052 874 3129 potuit,
912 3052 1042 3129 intellige
1076 3054 1130 3111 iam
1157 3062 1200 3124 tu,

171 3151 175 3160 ·
220 3144 352 3213 quantum
371 3134 408 3191 sit
427 3132 495 3192 illrrd
514 3146 698 3212 unguentum,
720 3133 795 3213 qaod
813 3156 831 3194 a
848 3134 905 3195 deo
928 3135 964 3196 de
983 3138 1107 3215 virgulto
1126 3137 1202 3195 vitae

220 3220 362 3297 prolatum
380 3230 436 3291 est,
458 3239 520 3277 eum
540 3220 594 3278 boe
614 3219 689 3299 quod
708 3220 743 3277 ab
761 3219 921 3280 bominibus
940 3223 1046 3281 laetum
1065 3232 1124 3292 est,
1145 3232 1203 3280 tam

220 3304 338 3362 eximias
365 3304 441 3363 inter
467 3304 596 3363 bomiues
623 3306 756 3363 conferat
773 3304 939 3383 dignitates.
987 3304 1060 3378 Quid
1079 3307 1154 3363 enim
1173 3307 1203 3365 in

220 3389 367 3465 praesenti
380 3389 497 3447 saeeuln
507 3388 649 3467 propbeta
658 3389 824 3467 gloriosius,
845 3392 981 3471 pontifico
993 3390 1109 3461 elarius,
1130 3411 1202 3469 rege

220 3472 385 3532 sublimius?

261 3556 317 3617 47.
364 3558 401 3617 llt
419 3576 475 3636 ego
495 3556 531 3617 ad
550 3558 621 3617 baec
640 3560 793 3639 respondi:
818 3562 945 3631 blemini,
976 3561 1074 3631 Petre,
1094 3559 1201 3619 dixisse

221 3655 249 3703 te
268 3642 303 3703 de
323 3645 414 3722 primo
433 3644 559 3713 bomine,
579 3645 645 3721 quia
663 3646 804 3724 propbeta
822 3648 886 3716 luit,
907 3645 982 3723 quod
997 3656 1202 3704 autemuaetas

221 3727 318 3801 luerit,
340 3751 396 3789 ιιιιιι
416 3727 523 3787 dixisti.
571 3726 603 3786 Si
622 3748 695 3807 ergo
713 3733 774 3791 sine
793 3742 939 3807 unguento
959 3729 1202 3810 propbetanullus

221 3825 276 3884 est,
305 3834 360 3895 spuo
388 3812 472 3875 modo
499 3814 605 3895 primus
632 3814 730 3889 bomo,
760 3836 822 3880 cunno
841 3836 898 3876 nou
917 3827 995 3877 esset
1012 3827 1129 3891 unctus,
1149 3816 1204 3876 luit
