2634 4400
664 260 734 323 248

210 477 305 527 autem
323 466 410 528 multo
429 466 543 545 grauius
561 468 673 545 sparsis
692 478 722 525 et
739 466 873 525 laceratis
883 466 1010 525 crinibus
1018 466 1190 546 plangebam

210 572 262 611 nos
281 570 393 631 qnoque
412 551 440 609 iu
463 553 674 630 permutatione
701 551 793 611 vultos
819 553 910 630 patris
936 563 1085 631 stupentes
1112 554 1193 631 qnasi

211 638 324 697 attoniti
343 656 455 695 eramus
474 648 504 695 et
520 648 659 709 amentes,
680 656 735 695 nec
759 636 825 716 qnid
852 638 895 696 rei
923 648 1002 697 esset
1027 638 1192 715 intelligere

209 734 384 801 poteramus.
431 720 491 781 Sed
510 721 539 781 c't
555 722 690 781 Anuhion
709 742 808 781 omnes
825 743 879 781 nos
896 724 937 781 ita
957 721 1058 783 videns
1080 722 1191 800 adfligi,

209 808 287 867 velut
304 819 396 867 mutus
415 806 518 867 stabat.
559 807 639 867 Tunc
658 807 759 877 Petrus
777 828 829 867 nos
847 809 961 867 intuens
978 809 1191 869 lilioseinsait:

208 891 280 952 Mihi
298 890 422 965 credite,
443 891 518 971 quod
537 893 582 951 hic
601 894 664 972 ipse
683 904 728 951 est
744 903 828 971 pater
847 904 959 964 vester3
980 893 1193 973 propterquod

210 988 241 1035 et
258 998 362 1037 moneo
380 998 444 1049 vos,
465 989 495 1036 ut
515 979 595 1057 qnasi
613 989 722 1057 patrem
742 979 864 1037 servetis
884 998 974 1038 cnm..
1004 978 1093 1037 Dabit
1119 979 1193 1037 eninr

210 1061 280 1121 deus
299 1064 481 1122 occasionem
504 1064 638 1141 aliquam,
659 1082 714 1143 qua
736 1062 867 1142 deposito
895 1064 1020 1122 Simonis
1038 1065 1115 1127 vulto
1134 1066 1193 1123 evi·

210 1146 325 1207 dentem
341 1150 432 1227 patris
450 1150 549 1217 vestri,
571 1147 600 1206 id
619 1159 664 1206 est
676 1169 754 1207 suam
764 1168 940 1227 recuperare
951 1150 1042 1227 possit
1053 1149 1191 1226 effigiem.

251 1230 307 1292 58.
354 1234 392 1291 Et
409 1232 446 1292 ad
464 1245 574 1312 patrem
594 1254 750 1293 conversus
768 1235 824 1293 ait:
852 1234 916 1311 Ego
936 1235 986 1292 tihi
1005 1236 1194 1313 permiserant

209 1318 335 1378 salutare
353 1320 514 1398 Appionem
534 1330 563 1377 et
581 1319 772 1390 Anuhionem,
793 1340 864 1397 quos
878 1319 1048 1378 tihiamicos
1066 1339 1083 1378 a
1101 1339 1192 1397 puero

209 1405 297 1463 fnisse
317 1403 444 1474 dixeras,
465 1415 635 1463 nontamen
654 1416 685 1461 nt
703 1425 766 1463 cum
794 1404 912 1463 Simone
940 1406 1110 1484 loquereris.
1156 1404 1195 1463 Et

208 1500 307 1569 pater:
329 1489 462 1560 Peccavi,
483 1490 584 1568 inquit,
609 1491 715 1551 fatcor.
757 1490 825 1549 Tum
844 1488 994 1549 Anubion:
1014 1491 1053 1548 Et
1070 1509 1138 1567 ego,
1151 1491 1195 1548 in·

210 1575 280 1653 quit,
301 1594 364 1635 com
383 1576 445 1654 ipso
464 1594 537 1651 rogo
557 1585 587 1632 et
605 1573 750 1653 deprecor
768 1586 808 1645 tc,
828 1586 859 1634 ut
877 1576 1011 1652 ignoscas
1029 1577 1111 1646 seni,
1132 1576 1193 1633 siro

209 1658 285 1718 hono
306 1671 336 1719 et
354 1679 518 1737 generoso,
537 1658 674 1719 seductus
693 1670 737 1719 est
757 1661 858 1719 infelix
876 1671 906 1719 et
924 1659 1046 1719 ludibrio
1064 1662 1158 1719 lactus
1176 1680 1194 1718 a

209 1747 355 1804 nominato
374 1766 471 1823 mago,
492 1744 583 1803 dicam
603 1746 678 1803 enim
697 1743 840 1824 quomodo
857 1765 907 1805 res
924 1756 1007 1824 gesta
1036 1756 1092 1805 est.
1139 1745 1194 1803 Ubi

209 1829 334 1889 venitad
344 1830 508 1889 salutandos
519 1851 582 1901 nos,
603 1832 726 1908 contigit
736 1842 766 1889 ut
774 1832 803 1889 in
822 1832 885 1909 ipsa
903 1831 974 1890 hora
992 1832 1194 1890 circumstare·

209 1936 269 1973 mus
289 1914 446 1987 Simonem,
466 1916 616 1975 audientes
635 1936 699 1975 cum
719 1915 864 1975 dicentem
892 1915 968 1995 quod
994 1917 1098 1994 lugere
1124 1916 1194 1974 velit

208 2001 238 2057 in
256 2002 319 2077 ipsa
336 2011 439 2071 nocte;
460 2000 573 2059 audisse
593 2003 668 2059 enim
687 2021 731 2071 se,
751 2000 1091 2081 quodvencrintquidam
1107 2002 1192 2060 etiam

209 2083 336 2153 adhaec
356 2084 513 2145 Laodiciae
533 2086 689 2156 civitatem,
710 2088 839 2165 quicum
859 2106 897 2145 ex
917 2097 1076 2165 praecepto
1102 2089 1193 2165 impe·

208 2171 313 2230 ratoris
332 2168 627 2250 comprehenderent,
649 2172 725 2231 velle
744 2182 839 2232 autem
858 2192 890 2232 se
908 2174 937 2232 in
955 2172 1030 2231 hone
1046 2172 1194 2253 puiouper

209 2257 355 2334 ingressus
369 2267 419 2324 ,est
438 2255 648 2316 Faustinianum
670 2277 780 2316 omnem
801 2269 972 2316 convertere
992 2260 1130 2321 sororem.
1156 2257 1194 2315 Et

209 2343 250 2401 ait
271 2341 308 2401 ad
327 2363 396 2402 nos:
416 2343 546 2414 Tantum,
567 2344 668 2422 inquit,
689 2363 741 2401 vos
759 2344 847 2402 facite
866 2363 929 2402 curn
952 2363 1078 2402 coenare
1096 2342 1194 2402 nohis-

174 2481 176 2484 .
210 2447 287 2498 cum,
308 2439 338 2486 et
356 2448 413 2506 ego
433 2438 606 2506 unguentum
625 2427 769 2507 quoddam
788 2448 967 2508 componam,
988 2449 1044 2507 qno
1056 2439 1193 2486 coenatus

209 2524 351 2592 perungat
369 2514 473 2572 laniem
491 2533 582 2586 suam,
602 2524 633 2573 ut
651 2533 689 2575 ex
706 2534 743 2573 eo
762 2534 854 2574 meum
871 2515 976 2574 vultum
996 2515 1124 2573 omnibns
1142 2514 1193 2572 ha-

208 2597 279 2656 here
304 2597 451 2670 rideatun
480 2619 531 2657 vos
558 2610 651 2664 autem
679 2598 787 2660 herbae
816 2592 959 2658 cuiusdam
986 2618 1074 2658 succo
1101 2600 1193 2658 facies

208 2684 408 2762 perungemini
427 2685 517 2761 prins,
547 2695 651 2742 utnon
670 2685 807 2743 fallamini
826 2682 861 2743 de
880 2686 1074 2744 immutatione
1101 2684 1193 2743 vultus

210 2768 283 2837 eius,
304 2769 385 2826 itaut
403 2771 534 2846 exeeptis
551 2770 633 2828 vohis
652 2771 714 2828 aliis
725 2769 854 2828 omnihus
865 2769 963 2828 Simon
973 2789 1039 2829 esse
1050 2768 1190 2828 videatur.

250 2850 307 2910 tte.
354 2852 392 2909 Et
410 2873 472 2912 cnm
491 2853 539 2911 illc
558 2853 630 2912 haec
650 2852 762 2932 diceret
779 2857 826 2914 aio
845 2853 881 2913 ad
901 2874 980 2914 eum:
1000 2855 1039 2913 Et
1056 2853 1123 2934 qnid
1142 2853 1193 2912 tihi

209 2956 246 2996 ex
264 2937 319 2995 hoc
337 2937 415 2997 facto
435 2939 584 2998 confertur
601 2939 694 2998 lucri?
715 2939 783 2999 Tum
804 2939 918 3000 Simon:
948 2940 1076 3012 Primo„
1089 2940 1190 3018 inquit,

208 3033 240 3081 ut
256 3024 346 3102 ipsum
367 3022 612 3102 comprehendant
631 3026 677 3104 qui
696 3045 741 3084 me
760 3035 911 3104 quaerunt,
942 3036 972 3084 et
990 3044 1034 3084 me
1061 3023 1194 3084 desinant

209 3127 364 3187 quaerere.
407 3107 437 3166 Si
458 3128 526 3168 vero
546 3111 660 3188 punitus
678 3111 766 3170 luerit
784 3131 801 3169 a
819 3111 957 3182 Caesare,
978 3111 1123 3169 utlnetnm
1133 3129 1194 3166 nra-

208 3194 315 3252 ximum
333 3193 457 3252 habeant
475 3195 524 3252 lilii
543 3195 597 3265 sui,
618 3196 666 3274 qui
694 3215 738 3254 me
767 3194 907 3255 derelicto
936 3197 1129 3273 confugerunt
1155 3192 1194 3252 ad

209 3277 323 3354 Petrum
343 3290 373 3338 et
390 3291 455 3338 sont
473 3279 557 3338 modo
577 3279 724 3340 adiutores
744 3282 843 3360 ipsius.
870 3281 1039 3358 Egoautem
1051 3280 1195 3338 confiteor

208 3363 271 3434 tibi,
292 3363 390 3436 Petre,
412 3363 486 3444 qnod
504 3385 601 3424 verum
622 3377 681 3437 est3
702 3367 781 3424 timui
795 3377 862 3426 tone
872 3366 1054 3426 Faustiniano
1064 3362 1194 3426 indicare

207 3447 293 3520 haec,
306 3447 365 3522 ¹sed
384 3469 477 3530 neque
496 3452 616 3530 spatium
636 3449 718 3508 nobis
736 3451 797 3530 ipse
817 3450 915 3510 Simon
935 3448 1024 3522 dedit,
1044 3461 1076 3510 ut
1092 3469 1195 3529 posse-

208 3553 269 3592 mus
287 3535 428 3594 secrctius
446 3536 523 3615 loqui
543 3546 573 3594 et
591 3536 703 3614 plenius
720 3537 747 3594 ei
766 3537 914 3596 eonsilium
926 3535 1051 3596 Simonis
1064 3536 1192 3614 aperire.

208 3617 324 3680 Interea
343 3620 423 3679 circa
441 3619 561 3679 mediam
580 3631 706 3692 noctem,
729 3620 827 3680 Simon
846 3622 980 3682 Iudaeam
1000 3623 1194 3700 petensaolo·

209 3705 261 3782 git.
308 3703 435 3765 Deduxit
453 3715 548 3774 autem
567 3725 629 3766 eum
647 3704 853 3767 Athenodorus
873 3719 902 3766 et
918 3706 1045 3788 Appion,
1066 3725 1123 3784 ego
1142 3725 1194 3764 ao·

207 3799 265 3848 tem
284 3791 412 3850 simulavi
430 3789 661 3867 inaequalitatem
681 3793 822 3869 eorporis,
843 3804 875 3853 ut
892 3792 968 3850 domi
986 3792 1193 3851 remanensla·

209 3891 306 3934 cerem
323 3874 398 3934 hunc
417 3875 544 3935 velocius
562 3874 598 3936 ad
617 3896 669 3936 vos
686 3875 795 3949 redire,
823 3879 847 3936 si
874 3879 952 3937 forte
976 3879 1071 3957 possit
1096 3875 1192 3956 aliquo
