2634 4400
688 248 734 315 90

605 341 818 360 q—-u—-a

221 454 359 524 serviant,
379 471 436 522 nee
452 451 552 513 faeere
571 451 647 512 aliud
666 454 810 533 quippiam
837 455 949 533 possint
975 456 1030 514 nisi
1057 454 1133 533 qnod
1160 458 1203 515 eis

221 549 354 596 statutum
373 550 429 609 est,
445 541 473 610 ¹)
501 558 565 597 eum
583 549 678 598 nutem
697 539 878 618 expieverunt
894 539 1094 611 ministerium,
1119 560 1205 600 ereas

220 635 268 682 tor
285 625 407 682 omnium
427 625 474 702 qui
493 625 532 682 ita
551 623 700 684 constituit
717 644 752 683 ea
770 635 856 702 prout
882 625 1021 694 voluerit,
1048 637 1204 689 eonseruat

221 729 266 767 ea.
313 707 379 767 Atia
397 729 466 767 vero
486 720 562 779 suut,
582 709 629 768 ubi
648 719 778 786 potestas
796 719 841 768 est
857 710 1026 780 voluntatis,
1046 721 1078 769 et
1093 711 1123 768 in
1141 712 1204 790 qui-

219 783 272 851 bus
298 792 403 870 agendi
423 811 495 872 quae
512 794 602 852 veiint
624 793 744 853 liberum
763 794 883 854 bubetur
903 794 1063 852 arbitrium.
1109 795 1202 865 flues,

219 889 251 936 nt
270 877 338 949 dixi,
368 895 425 936 nou
452 897 567 956 semper
593 879 621 936 iu
640 898 678 936 eo
696 877 798 937 ordine
816 898 873 957 quo
890 889 990 941 ereata
1007 890 1073 936 suut
1090 897 1204 958 perun,

220 974 300 1033 nont,
321 962 372 1021 sed
391 975 477 1041 prout
493 962 623 1021 voluntas
641 961 756 1021 duxerit
774 973 805 1022 et
821 964 907 1021 enimi
925 962 1058 1021 iudicium
1075 963 1203 1022 deeiins·

219 1049 306 1118 verit,
327 1049 386 1106 sive
405 1048 488 1106 bonis
507 1049 567 1106 sive
585 1047 665 1105 maiis
683 1048 851 1121 studebunt,
872 1059 903 1107 et
920 1048 987 1108 ideo
1009 1047 1085 1109 bene
1112 1069 1204 1127 ugen-

219 1132 295 1190 tibus
313 1151 430 1190 munera
448 1133 554 1210 posuit,
575 1133 648 1190 male
665 1132 818 1210 agentibus
837 1152 956 1212 poenas.

263 1213 321 1274 et.
367 1215 419 1275 Ais
438 1235 510 1294 ergo
528 1227 569 1288 tu,
590 1218 614 1276 si
634 1216 704 1276 deus
721 1219 780 1276 vuit
797 1217 902 1296 aliquid
921 1237 985 1277 esse
1003 1227 1109 1289 otest,
1129 1228 1161 1277 et
1177 1220 1203 1277 si

221 1321 277 1360 non
305 1301 365 1360 vuit
390 1322 447 1360 uon
474 1312 535 1375 est,
564 1303 679 1361 scilieet
704 1313 735 1361 ut
761 1304 785 1361 si
802 1302 1022 1380 responderem,
1043 1303 1109 1381 quis
1127 1303 1203 1381 quod

219 1387 279 1445 vult
306 1397 335 1446 et
362 1398 416 1458 est,
446 1385 521 1466 quod
539 1398 633 1447 eutem
652 1407 708 1446 uon
726 1389 787 1446 vuit
804 1407 860 1445 uon
879 1398 940 1459 est,
969 1385 1099 1459 diceres,
1129 1407 1202 1466 ergo

219 1473 283 1550 ipse
300 1473 360 1530 vuit
377 1491 442 1531 esse
460 1472 532 1531 mala
551 1491 622 1551 quae
642 1473 670 1530 in
689 1471 858 1532 boemundo
868 1484 1018 1550 geruntur,
1038 1473 1104 1551 quia
1117 1493 1202 1532 omne

220 1555 296 1635 quod
318 1557 378 1615 vuit
404 1558 459 1616 boe
487 1567 518 1616 et
545 1567 603 1628 est,
633 1556 708 1637 quod
725 1568 820 1616 autem
839 1577 895 1615 non
912 1558 973 1616 ruit
989 1578 1047 1616 non
1062 1567 1124 1616 est.
1171 1559 1203 1616 Si

218 1661 289 1700 vero
308 1640 518 1719 respondissem
537 1661 679 1702 uonesse
697 1642 764 1713 boe,
793 1653 824 1700 ut
841 1642 916 1720 quod
934 1643 994 1701 ruit
1011 1641 1082 1701 deus
1099 1643 1153 1713 sit,
1172 1654 1204 1701 et

220 1725 295 1804 quod
314 1745 370 1784 uon
389 1727 447 1784 vuit
464 1747 520 1785 uon
539 1728 587 1798 sit,
608 1737 666 1785 tum
685 1737 796 1785 retorto
818 1745 951 1786 sermone
969 1726 1100 1798 diceres,
1129 1747 1202 1806 ergo

219 1811 402 1889 impossibilis
421 1821 466 1869 est
483 1811 566 1882 deus,
586 1813 610 1870 si
630 1811 706 1891 quod
723 1813 783 1870 vuit
799 1833 856 1870 uon
875 1823 983 1892 potest,
1010 1823 1043 1871 et
1058 1813 1202 1872 existeres

218 1896 403 1974 petulantior,
423 1898 519 1975 utqui
538 1897 606 1954 nibil
624 1908 735 1956 rectum
754 1895 874 1968 dixeris,
893 1898 999 1956 vieisse
1009 1907 1038 1956 te
1048 1895 1199 1958 crederes.

218 1979 256 2038 Et
274 1979 340 2038 ideo
359 1981 476 2058 ignoras
494 2000 512 2039 o
532 1979 650 2052 Simon,
681 1992 711 2041 et
736 1981 819 2040 vaide
845 1982 973 2059 ignoras,
1003 1981 1146 2060 quomodo
1173 1985 1202 2041 in

219 2065 338 2142 siugulis
357 2066 511 2144 quibusque
530 2066 658 2125 voluutas
677 2067 715 2125 sit
732 2065 790 2126 dei.
807 2068 836 2140 ²)
881 2066 1026 2140 Quaedam
1053 2068 1129 2126 euim
1151 2089 1202 2126 vo-

218 2149 271 2209 luit
289 2159 319 2209 ut
337 2149 457 2211 diximus
484 2152 524 2210 itu
543 2169 620 2223 esse,
653 2161 686 2210 ut
710 2151 786 2211 abiud
814 2172 878 2211 esse
906 2172 962 2211 uon
981 2163 1101 2231 possent
1119 2173 1202 2231 quam

218 2234 248 2295 id
267 2235 341 2315 quod
360 2236 395 2295 ab
414 2238 475 2317 ipso
494 2238 622 2297 instituta
639 2248 716 2309 sunt,
736 2248 767 2297 et
784 2238 827 2296 bis
846 2258 940 2315 neque
957 2238 1085 2316 praemia
1107 2253 1202 2316 tueque

218 2322 359 2400 suppiieiu
373 2324 486 2394 statuit3
507 2342 542 2381 en
560 2342 629 2381 vero
649 2323 722 2401 quae
740 2324 779 2381 ita
797 2342 864 2382 esse
881 2323 981 2393 uoluit,
1000 2334 1033 2379 ut
1050 2323 1202 2401 iusuapo-

218 2417 322 2465 testate
342 2406 465 2465 babeant
481 2426 572 2485 egere
591 2406 668 2486 quod
684 2409 786 2478 velint,
806 2408 850 2466 bis
872 2426 924 2485 pro
950 2406 1062 2465 actibus
1086 2426 1125 2465 ae
1150 2428 1202 2465 ro-

218 2491 371 2550 luntatibus
388 2492 447 2549 suis
465 2492 573 2562 statuit,
594 2502 626 2549 ut
642 2503 692 2550 aut
710 2493 956 2551 remunerationes
975 2503 1141 2552 mereantur
1153 2502 1203 2551 aut

218 2596 338 2655 poenas.
386 2576 455 2633 Cum
483 2594 555 2653 ergo
582 2578 611 2635 in
639 2574 709 2635 duas
735 2587 766 2636 ut
792 2575 896 2635 edoeui
923 2587 1021 2654 partes
1039 2575 1213 2635 dividantur-

219 2670 322 2719 cuneta
341 2678 413 2739 quae
432 2671 592 2731 moventur,
613 2660 768 2719 secuudum
787 2679 850 2719 eam
868 2681 950 2740 quam
968 2681 1054 2739 supra
1080 2660 1202 2719 diximus

218 2744 442 2816 distinctionem,
479 2764 563 2805 omne
591 2744 667 2826 quod
693 2747 754 2804 vuit
770 2744 842 2804 deus
860 2756 915 2815 est,
935 2745 1012 2825 quod
1029 2757 1125 2805 autem
1143 2765 1201 2805 nou

217 2829 276 2886 uuit
295 2848 350 2887 uon
370 2840 425 2888 est.

261 2904 318 2973 26.
363 2914 401 2973 Et
419 2914 517 2973 Simon
536 2914 572 2975 ad
591 2916 679 2975 baec:
700 2912 805 2973 Nonne
823 2924 940 2993 poterat
960 2936 1013 2974 nos
1039 2933 1138 2973 omnes
1157 2917 1201 2973 io-

176 2994 178 3002 *
218 3017 287 3058 uere
315 3000 387 3059 tales
413 3012 445 3059 ut
471 3020 598 3059 essemus
616 3000 701 3070 boui,
730 3009 761 3059 et
777 2999 855 3058 aliud
873 3019 939 3059 esse
957 3020 1014 3058 nou
1032 3004 1200 3077 possemus?

171 3101 175 3121 ¹
218 3084 319 3145 Petrus
336 3084 510 3163 respondet:
530 3084 567 3144 Et
585 3086 640 3144 boe
658 3083 782 3143 absurde
800 3086 976 3162 interroges.
1002 3084 1034 3143 Si
1053 3084 1128 3142 euim
1146 3102 1200 3142 nos

169 3233 172 3245 ,
216 3171 444 3229 inconvertibilis
471 3182 590 3230 naturae
617 3171 738 3229 fecisset
764 3180 796 3229 et
821 3170 980 3228 immobiles
997 3189 1014 3228 a
1033 3169 1120 3239 bono,
1141 3190 1200 3226 nou

167 3266 169 3302 :
218 3274 345 3314 essemus
363 3274 432 3315 vere
450 3256 529 3326 boui,
551 3256 616 3334 quia
634 3252 711 3313 aliud
729 3274 794 3313 esse
812 3275 869 3313 uon
891 3274 1054 3333 possemus3
1085 3264 1116 3311 et
1141 3273 1200 3311 non

165 3363 182 3426 ζ
218 3351 280 3397 erut
298 3341 388 3397 nostri
408 3341 547 3420 propositi
566 3337 642 3419 quod
660 3358 773 3398 eremus
790 3339 870 3410 boni,
900 3359 955 3399 nee
981 3348 1109 3397 rostrum
1135 3348 1202 3396 erat

167 3486 169 3495 ¹
201 3422 292 3501 ·quod
311 3423 536 3502 agebamussed
563 3424 745 3483 necessitatis
770 3434 902 3483 naturae.
950 3422 1098 3496 Quomodo
1125 3442 1200 3498 ergo

216 3508 272 3568 boo
289 3509 393 3568 bouum
412 3508 536 3580 dicetur,
557 3507 633 3589 quod
650 3528 688 3568 ex
705 3509 856 3589 proposito
874 3529 931 3568 nou
948 3509 1063 3585 agitari
1080 3506 1125 3566 0b
1143 3506 1199 3565 boc

254 3730 279 3793 ¹)
297 3732 430 3779 Vocabulu
448 3733 520 3778 Cum
539 3733 642 3779 eutem
660 3756 695 3765 -
712 3731 883 3777 conservat
901 3743 936 3776 ee
954 3730 980 3775 et
998 3727 1083 3775 Haeo
1102 3729 1135 3774 ut
1154 3726 1200 3775 di·

216 3799 248 3846 xi
267 3824 299 3833 —
318 3800 490 3847 studebunt
508 3814 559 3847 nou
577 3798 701 3859 leguntur
718 3798 744 3844 in
764 3798 836 3844 codd.
856 3796 939 3857 inipso.

250 3865 279 3934 ²)
298 3866 456 3918 Quaedam
473 3890 508 3901 -
525 3870 579 3914 aut
597 3879 715 3927 poenes
731 3866 825 3915 deum
840 3866 868 3914 iu
885 3865 960 3913 codd.
978 3865 1061 3926 bipes.
