2634 4400
668 273 734 339 litt

208 480 248 542 ad
266 481 338 542 baec
358 482 533 560 praesentia,
554 479 606 540 sed
625 479 663 540 od
679 481 728 540 illo
745 499 819 560 quae
836 491 956 542 aeterua
979 493 1045 542 sunt
1057 482 1192 563 adspicit,

210 576 242 628 et
260 565 327 630 idco
345 567 414 625 nibil
434 586 479 629 me
497 585 591 628 rerum
611 568 803 645 praesentium
820 567 1030 646 visibiliumque
1053 566 1191 630 delectat.

212 651 293 712 Unde
303 662 379 712 tuum
399 652 646 732 quidemergam'e
666 653 771 712 bouum
788 655 910 713 animum
928 654 1089 731 amplector
1101 657 1194 715 etui-

211 757 276 809 ror,
296 749 369 797 acte
380 736 586 816 mugislnudu,
606 758 663 817 qpo
680 737 766 797 modo
785 757 847 797 eum
866 739 906 798 sis
921 740 967 798 vir
983 758 1022 798 cx
1040 750 1193 800 consuetu·

211 823 277 884 diue
296 823 399 884 multae
419 822 608 883 abundantiae
628 825 759 895 veniens,
778 835 836 883 tam
854 825 913 883 cito
923 825 1084 885 transferre
1102 836 1193 903 etap-

210 920 273 975 tarc
291 919 325 968 te
339 909 467 1012 potueris
485 907 521 968 ad
539 909 613 968 banc
630 910 716 968 vitam
734 911 882 981 nostrum,
893 929 966 987 quac
993 911 1063 968 solis
1089 929 1193 970 ueces-

146 1047 148 1051 .
211 995 293 1054 seriis
311 1004 410 1052 ututur.
444 992 506 1052 Nos
525 995 599 1052 enim
618 1013 635 1052 a
653 1013 756 1071 puero,
775 993 806 1052 id
825 1006 880 1064 est,
901 1014 958 1072 ego
977 1005 1008 1052 et
1023 996 1193 1072 subterger-

208 1100 308 1142 mauus
326 1099 405 1140 meus
423 1075 555 1137 Andreas
572 1099 629 1136 uon
648 1079 739 1138 solum
757 1079 887 1158 orphani,
908 1078 963 1140 sed
979 1090 1010 1140 ct
1026 1079 1108 1138 valde
1123 1100 1192 1158 pau-

211 1185 296 1246 peres
315 1165 456 1224 crevimus
483 1175 513 1222 ot
530 1165 705 1224 necessitate
732 1166 860 1242 operarii
887 1184 952 1224 esse
980 1166 1190 1235 consuevimus,

208 1249 286 1312 -nudc
305 1261 335 1310 et
352 1269 426 1308 nunc
444 1250 530 1332 lecile
549 1250 717 1310 vexationes
734 1250 867 1311 itinerum
886 1250 1013 1311 ierimus.
1062 1248 1122 1309 Sed
1139 1270 1193 1329 po-

210 1339 266 1396 tins
284 1338 307 1396 si
326 1335 393 1396 mihi
413 1333 617 1414 adquiesceres
637 1345 667 1394 et
684 1336 883 1412 permitteres,
913 1355 972 1413 ego
992 1336 1084 1412 magis
1105 1335 1192 1394 bomo

209 1423 372 1502 operarius,
392 1421 504 1480 facilius
522 1420 573 1478 tibi
591 1439 705 1498 possem
723 1421 799 1480 servi
818 1421 938 1498 implere
956 1421 1155 1483 ministerium..

254 1507 285 1567 7.
331 1505 371 1565 At
398 1525 454 1584 ego
482 1506 554 1564 baec
581 1505 700 1566 audiens
726 1508 901 1576 contremui,
922 1517 953 1564 et
971 1507 1105 1564 lacrimae
1124 1505 1192 1564 mibi

210 1594 346 1654 continuo
373 1601 575 1672 proruperunt,
606 1589 682 1669 quod
708 1592 794 1650 talem
820 1592 888 1650 mibi
905 1611 1066 1650 sermonem
1085 1590 1193 1651 dixerit

210 1681 254 1740 vir
271 1688 376 1749 mutus,
408 1697 462 1756 qno
482 1678 573 1736 omnis·
591 1675 710 1736 muudus
728 1676 850 1736 babetur
875 1677 1007 1736 inferior.
1053 1677 1122 1736 Tum
1142 1678 1191 1736 ille

209 1765 404 1836 lacrimantem
423 1781 468 1821 me
486 1761 597 1834 videus,
618 1782 747 1826 caussam
764 1773 961 1842 percontatur.
981 1761 1050 1820 -Cui
1067 1781 1126 1839 ego
1143 1781 1192 1820 re-

210 1848 328 1928 spondi:
351 1845 424 1920 Quid
442 1859 550 1907 tentum
568 1848 597 1905 in
615 1859 644 1907 te
663 1849 781 1927 peccavi
800 1859 831 1907 ut
848 1867 894 1909 me
911 1849 963 1906 tali
976 1866 1109 1908 sermone
1120 1867 1192 1906 one·
1278 1893 1281 1897 s

169 2007 171 2012 Ι
209 1937 309 1993 naresi
328 1932 366 1990 Et
383 1932 501 1992 Petrus:
522 1933 674 1992 Simulum
694 1944 749 2001 est,
769 1934 871 2013 inquit,
892 1931 968 2011 quud
993 1930 1053 1990 dini
1079 1943 1111 1991 ut
1128 1953 1191 1992 ser·

209 2022 283 2078 mam
301 2018 367 2087 tibi,
388 2029 418 2075 tu
436 2020 517 2096 prior
538 2020 666 2095 peccasti
694 2019 749 2078 boc
776 2019 844 2078 mibi
870 2016 1006 2082 dicendo,
1049 2016 1088 2076 lit
1114 2037 1188 2096 ego:

209 2103 341 2173 Nouest,
362 2104 485 2180 inquam,
506 2103 614 2175 slmiles
635 2123 680 2165 me
696 2101 770 2162 enim
789 2102 875 2164 decet
892 2105 948 2168 boe
966 2104 1141 2174 tibiiaeere,
1160 2114 1191 2162 tu

207 2201 303 2249 nutem
322 2189 368 2268 qui
388 2187 435 2249 del
454 2189 552 2248 summi
571 2207 679 2268 praeco
698 2189 734 2249 ad
752 2187 902 2255 salvandas
921 2191 1028 2257 animus
1047 2188 1190 2251 bominum

209 2278 310 2335 missus
329 2294 372 2346 es,
393 2294 481 2353 grave
501 2286 594 2333 estut
612 2272 668 2333 hoc
694 2273 762 2333 mibi
789 2274 881 2335 dices.
927 2275 965 2334 Et
983 2274 1100 2340 Petrnsu
1128 2273 1191 2341 Ad-

209 2362 388 2439 quieseerem
407 2360 470 2432 libi,
491 2362 591 2439 iuquit,
613 2361 668 2418 uisi
686 2359 815 2421 domnus
833 2371 934 2419 noster
951 2362 998 2438 qui
1015 2358 1052 2418 ed
1070 2360 1190 2419 salutem

208 2447 296 2505 tutius
314 2445 408 2505 mundi
426 2446 514 2517 venit,
536 2456 566 2504 et
584 2446 631 2524 qui
650 2457 714 2505 erat
730 2446 806 2503 omui
825 2457 957 2509 ereatura
970 2443 1106 2516 nobilior,
1127 2464 1191 2503 ser·

152 2576 155 2583 .
207 2532 270 2590 vire
288 2549 388 2610 passus
407 2541 495 2599 esset,
515 2541 547 2588 ut
564 2551 615 2589 nos
634 2530 786 2602 suaderet,
807 2550 864 2589 nou
891 2530 1066 2589 erubescere
1092 2530 1191 2589 iratri-

208 2616 260 2675 bus
278 2618 384 2675 uostris
402 2634 550 2673 servorum
570 2616 708 2674 exhibere
725 2616 926 2675 ministerium.
963 2615 1033 2673 Tum
1052 2633 1125 2691 egos
1156 2612 1190 2673 si

209 2704 277 2779 puto
296 2698 371 2779 quod
389 2699 493 2776 possim
513 2708 541 2756 te
559 2699 695 2769 vincere,
716 2697 800 2757 valde
819 2700 920 2757 stultus
947 2719 1024 2771 snm3
1052 2708 1189 2758 vesunu·

207 2802 272 2843 meu
291 2804 347 2861 ugu
366 2784 475 2859 gratias
494 2781 693 2861 providentiae
710 2781 770 2856 dei,
791 2782 867 2863 quod
885 2794 1034 2863 pareutum
1052 2784 1118 2842 loco
1137 2784 1191 2842 ba·

206 2868 276 2931 berc
294 2880 324 2928 te
343 2868 444 2927 merui.
872 2866 882 2871 “

207 2995 210 3001 -
248 2953 281 3013 8.
327 2953 395 3013 Tum
416 2952 532 3011 Petrus:
553 2952 744 3025 Nemoeuim,
765 2957 866 3033 inquil,
886 2954 1189 3031 vereesgener·eiibi

206 3042 356 3119 superest?
383 3037 543 3120 Respondi:
575 3038 647 3097 Sunt
666 3038 779 3118 quidem
805 3041 883 3099 multi
910 3050 1043 3119 potentes
1069 3041 1124 3098 viri
1151 3058 1189 3098 ex

207 3124 340 3185 Caesaris
358 3127 491 3203 prosapia
513 3125 678 3197 venientem
707 3145 770 3183 uanr
799 3128 873 3203 patri
900 3135 999 3204 utpote
1025 3126 1187 3203 propinquo

206 3230 257 3269 suo
276 3222 306 3269 et
324 3230 379 3271 una
397 3209 531 3280 educato,
552 3208 655 3267 nobilis
682 3208 811 3289 adaeque
838 3211 962 3269 familiae
990 3210 1098 3268 Caesar
1124 3211 1188 3287 ipse

205 3296 297 3355 iunxit
313 3314 443 3365 uxorem,
465 3314 573 3373 exque
592 3294 663 3353 dnos
681 3292 811 3371 geminus
829 3306 897 3353 ante
915 3314 960 3354 me
987 3295 1062 3354 lilios
1088 3314 1188 3353 susce·

205 3380 257 3458 pit,
279 3400 336 3438 uon
354 3380 437 3439 v'alde
455 3390 486 3439 ut
504 3380 599 3437 aiebat
625 3389 720 3457 pater,
747 3380 803 3439 sibi
830 3382 952 3439 invicem
980 3380 1099 3449 similes,
1129 3398 1187 3456 ege

205 3465 279 3523 enim
300 3483 356 3523 eos.
369 3484 425 3523 non
444 3464 517 3525 adeo
536 3463 674 3523 sciebam.
722 3463 782 3525 Sed
799 3485 836 3525 ue
853 3467 952 3523 metris
971 3464 1084 3543 quidem
1102 3464 1188 3524 valde

202 3569 314 3619 memor
332 3569 403 3621 sum,
424 3550 476 3609 sed
495 3550 574 3629 quusi
591 3568 645 3628 per
662 3552 800 3609 somnium
819 3552 860 3608 ita
877 3552 1004 3609 tenuiter
1019 3550 1187 3609 vrrltuseins

204 3637 331 3721 speeiem
346 3637 458 3695 recolo.
487 3634 581 3694 Mater
591 3654 664 3712 ergo
673 3634 905 3705 meablatlbidia‚
926 3645 1010 3713 pater
1028 3632 1187 3692 Faustini&

205 3726 408 3788 nusvocitatus
419 3732 474 3791 est,
486 3722 603 3777 fratrum
619 3731 712 3779 autem
723 3740 850 3779 meorum
868 3720 943 3777 alter
961 3719 1124 3789 Faustinus,
1144 3720 1187 3777 ale

204 3810 377 3868 tchaustus
386 3805 546 3866 dicebatur.
568 3804 683 3861 interea
693 3824 755 3862 eum
766 3824 822 3879 ego
833 3806 957 3881 quinque
966 3802 1080 3862 vixdum
1091 3822 1185 3862 essem

205 3912 353 3965 annorum,
374 3900 465 3949 mater
482 3890 556 3951 situl
572 3883 594 3944 a'
608 3898 691 3963 patre
710 3887 797 3945 didici
806 3890 944 3949 somnium
954 3888 1037 3959 vidit,
1057 3908 1187 3966 quomo·
