<?xml version="1.0" encoding="UTF-8"?>
<!DOCTYPE html PUBLIC "-//W3C//DTD XHTML 1.0 Transitional//EN"
    "http://www.w3.org/TR/xhtml1/DTD/xhtml1-transitional.dtd">
<html xmlns="http://www.w3.org/1999/xhtml" xml:lang="en" lang="en">
 <head>
  <title>
</title>
<meta http-equiv="Content-Type" content="text/html;charset=utf-8" />
  <meta name='ocr-system' content='tesseract 3.04.00' />
  <meta name='ocr-capabilities' content='ocr_page ocr_carea ocr_par ocr_line ocrx_word'/>
</head>
<body>
  <div class='ocr_page' id='page_1' title='image "./recognitionesru00gersgoog_0037.png"; bbox 0 0 2634 4400; ppageno 0'>
   <div class='ocr_carea' id='block_1_1' title="bbox 66 279 1314 3957">
    <p class='ocr_par' dir='ltr' id='par_1_1' title="bbox 605 279 651 364">
     <span class='ocr_line' id='line_1_1' title="bbox 605 279 651 364; baseline -0.043 -24"><span class='ocrx_word' id='word_1_1' title='bbox 605 279 651 364; x_wconf 83' lang='lat' dir='ltr'><strong>llll</strong></span> 
     </span>
    </p>

    <p class='ocr_par' dir='ltr' id='par_1_2' title="bbox 66 482 1314 2345">
     <span class='ocr_line' id='line_1_2' title="bbox 66 482 1119 566; baseline 0 -20"><span class='ocrx_word' id='word_1_2' title='bbox 66 499 68 510; x_wconf 81' lang='grc'><em>’</em></span> <span class='ocrx_word' id='word_1_3' title='bbox 135 485 269 546; x_wconf 82' lang='lat' dir='ltr'><strong>labilibus</strong></span> <span class='ocrx_word' id='word_1_4' title='bbox 289 482 447 564; x_wconf 81' lang='lat' dir='ltr'><strong>publicare.</strong></span> <span class='ocrx_word' id='word_1_5' title='bbox 494 483 689 546; x_wconf 79' lang='lat' dir='ltr'><strong>Veruntamen</strong></span> <span class='ocrx_word' id='word_1_6' title='bbox 726 483 908 565; x_wconf 76' lang='lat' dir='ltr'><strong>quoadusque</strong></span> <span class='ocrx_word' id='word_1_7' title='bbox 936 487 1063 566; x_wconf 80' lang='lat' dir='ltr'><strong>proferri</strong></span> <span class='ocrx_word' id='word_1_8' title='bbox 1082 489 1119 546; x_wconf 68' lang='lat'><strong>13.</strong></span> 
     </span>
     <span class='ocr_line' id='line_1_3' title="bbox 136 571 1120 652; baseline 0.003 -23"><span class='ocrx_word' id='word_1_9' title='bbox 136 583 195 642; x_wconf 87' lang='lat' dir='ltr'><strong>eet,</strong></span> <span class='ocrx_word' id='word_1_10' title='bbox 216 572 317 630; x_wconf 84' lang='lat' dir='ltr'><strong>faeere</strong></span> <span class='ocrx_word' id='word_1_11' title='bbox 336 591 393 628; x_wconf 92' lang='lat' dir='ltr'><strong>non</strong></span> <span class='ocrx_word' id='word_1_12' title='bbox 413 571 534 649; x_wconf 78' lang='lat' dir='ltr'><strong>pigebit.</strong></span> <span class='ocrx_word' id='word_1_13' title='bbox 570 571 715 642; x_wconf 83' lang='lat' dir='ltr'><strong>Christus,</strong></span> <span class='ocrx_word' id='word_1_14' title='bbox 736 575 784 650; x_wconf 93' lang='lat' dir='ltr'><strong>qul</strong></span> <span class='ocrx_word' id='word_1_15' title='bbox 802 572 838 630; x_wconf 86' lang='lat' dir='ltr'><strong>ab</strong></span> <span class='ocrx_word' id='word_1_16' title='bbox 857 574 938 632; x_wconf 89' lang='lat' dir='ltr'><strong>initio</strong></span> <span class='ocrx_word' id='word_1_17' title='bbox 957 584 987 631; x_wconf 90' lang='lat' dir='ltr'><strong>et</strong></span> <span class='ocrx_word' id='word_1_18' title='bbox 1005 593 1120 652; x_wconf 81' lang='lat' dir='ltr'><strong>semper</strong></span> 
     </span>
     <span class='ocr_line' id='line_1_4' title="bbox 135 637 1228 736; baseline 0 -20"><span class='ocrx_word' id='word_1_19' title='bbox 135 667 211 726; x_wconf 83' lang='lat' dir='ltr'><strong>erat,</strong></span> <span class='ocrx_word' id='word_1_20' title='bbox 232 656 428 734; x_wconf 87' lang='lat' dir='ltr'><strong>persingulas</strong></span> <span class='ocrx_word' id='word_1_21' title='bbox 448 637 572 734; x_wconf 77' lang='lat' dir='ltr'><strong>quasq⁴uu</strong></span> <span class='ocrx_word' id='word_1_22' title='bbox 590 659 796 733; x_wconf 79' lang='lat' dir='ltr'><strong>generationes</strong></span> <span class='ocrx_word' id='word_1_23' title='bbox 814 659 880 736; x_wconf 88' lang='lat' dir='ltr'><strong>piis,</strong></span> <span class='ocrx_word' id='word_1_24' title='bbox 897 659 1022 718; x_wconf 88' lang='lat' dir='ltr'><strong>latenter</strong></span> <span class='ocrx_word' id='word_1_25' title='bbox 1035 660 1117 729; x_wconf 88' lang='lat' dir='ltr'><strong>licet,</strong></span> <span class='ocrx_word' id='word_1_26' title='bbox 1137 684 1140 689; x_wconf 52' lang='lat'><strong>⁴</strong></span> <span class='ocrx_word' id='word_1_27' title='bbox 1222 692 1228 698; x_wconf 92' lang='lat'><strong>·</strong></span> 
     </span>
     <span class='ocr_line' id='line_1_5' title="bbox 134 740 1141 821; baseline 0.001 -21"><span class='ocrx_word' id='word_1_28' title='bbox 134 759 250 818; x_wconf 90' lang='lat' dir='ltr'><strong>semper</strong></span> <span class='ocrx_word' id='word_1_29' title='bbox 267 740 484 812; x_wconf 89' lang='lat' dir='ltr'><strong>tameuaderat,</strong></span> <span class='ocrx_word' id='word_1_30' title='bbox 497 741 748 820; x_wconf 85' lang='lat' dir='ltr'><strong>bispraecipue,u</strong></span> <span class='ocrx_word' id='word_1_31' title='bbox 766 742 866 821; x_wconf 91' lang='lat' dir='ltr'><strong>quibus</strong></span> <span class='ocrx_word' id='word_1_32' title='bbox 884 742 1117 821; x_wconf 85' lang='lat' dir='ltr'><strong>exspectabatur,</strong></span> <span class='ocrx_word' id='word_1_33' title='bbox 1137 774 1141 792; x_wconf 69' lang='grc' dir='ltr'><strong>ι</strong></span> 
     </span>
     <span class='ocr_line' id='line_1_6' title="bbox 135 822 1121 906; baseline 0.002 -22"><span class='ocrx_word' id='word_1_34' title='bbox 135 825 292 904; x_wconf 82' lang='lat' dir='ltr'><strong>quibusque</strong></span> <span class='ocrx_word' id='word_1_35' title='bbox 310 825 478 904; x_wconf 79' lang='lat' dir='ltr'><strong>frequenter</strong></span> <span class='ocrx_word' id='word_1_36' title='bbox 495 827 639 906; x_wconf 87' lang='lat' dir='ltr'><strong>apparuit.</strong></span> <span class='ocrx_word' id='word_1_37' title='bbox 688 822 748 884; x_wconf 89' lang='lat' dir='ltr'><strong>Sed</strong></span> <span class='ocrx_word' id='word_1_38' title='bbox 775 842 832 884; x_wconf 88' lang='lat' dir='ltr'><strong>uon</strong></span> <span class='ocrx_word' id='word_1_39' title='bbox 856 838 920 886; x_wconf 91' lang='lat' dir='ltr'><strong>crat</strong></span> <span class='ocrx_word' id='word_1_40' title='bbox 946 838 1069 906; x_wconf 86' lang='lat' dir='ltr'><strong>tempus,</strong></span> <span class='ocrx_word' id='word_1_41' title='bbox 1089 838 1121 886; x_wconf 87' lang='lat' dir='ltr'><strong>nt</strong></span> 
     </span>
     <span class='ocr_line' id='line_1_7' title="bbox 134 909 1119 990; baseline 0.003 -23"><span class='ocrx_word' id='word_1_42' title='bbox 134 921 203 968; x_wconf 91' lang='lat' dir='ltr'><strong>tunc</strong></span> <span class='ocrx_word' id='word_1_43' title='bbox 221 911 355 970; x_wconf 82' lang='lat' dir='ltr'><strong>resolutis</strong></span> <span class='ocrx_word' id='word_1_44' title='bbox 374 909 544 990; x_wconf 89' lang='lat' dir='ltr'><strong>corporibus</strong></span> <span class='ocrx_word' id='word_1_45' title='bbox 556 910 647 969; x_wconf 83' lang='lat' dir='ltr'><strong>lieret</strong></span> <span class='ocrx_word' id='word_1_46' title='bbox 665 912 858 983; x_wconf 77' lang='lat' dir='ltr'><strong>resurrecti03</strong></span> <span class='ocrx_word' id='word_1_47' title='bbox 879 910 930 970; x_wconf 88' lang='lat' dir='ltr'><strong>sed</strong></span> <span class='ocrx_word' id='word_1_48' title='bbox 945 912 1017 970; x_wconf 90' lang='lat' dir='ltr'><strong>baec</strong></span> <span class='ocrx_word' id='word_1_49' title='bbox 1028 913 1119 989; x_wconf 85' lang='lat' dir='ltr'><strong>magis</strong></span> 
     </span>
     <span class='ocr_line' id='line_1_8' title="bbox 133 991 1118 1074; baseline 0.001 -21"><span class='ocrx_word' id='word_1_50' title='bbox 133 995 328 1074; x_wconf 57' lang='lat' dir='ltr'><strong>remegeratlo</strong></span> <span class='ocrx_word' id='word_1_51' title='bbox 347 991 499 1056; x_wconf 86' lang='lat' dir='ltr'><strong>videbatur</strong></span> <span class='ocrx_word' id='word_1_52' title='bbox 516 1015 533 1052; x_wconf 90' lang='lat' dir='ltr'><strong>n</strong></span> <span class='ocrx_word' id='word_1_53' title='bbox 552 994 619 1065; x_wconf 90' lang='lat' dir='ltr'><strong>deo,</strong></span> <span class='ocrx_word' id='word_1_54' title='bbox 640 1005 671 1053; x_wconf 91' lang='lat' dir='ltr'><strong>ut</strong></span> <span class='ocrx_word' id='word_1_55' title='bbox 685 997 1034 1072; x_wconf 85' lang='lat' dir='ltr'><strong>quiinrenireturiustus,</strong></span> <span class='ocrx_word' id='word_1_56' title='bbox 1056 993 1118 1054; x_wconf 88' lang='lat' dir='ltr'><strong>diu-</strong></span> 
     </span>
     <span class='ocr_line' id='line_1_9' title="bbox 134 1080 1119 1158; baseline 0.002 -22"><span class='ocrx_word' id='word_1_57' title='bbox 134 1082 191 1140; x_wconf 90' lang='lat' dir='ltr'><strong>tius</strong></span> <span class='ocrx_word' id='word_1_58' title='bbox 218 1091 401 1158; x_wconf 80' lang='lat' dir='ltr'><strong>permaneret</strong></span> <span class='ocrx_word' id='word_1_59' title='bbox 428 1081 456 1139; x_wconf 92' lang='lat' dir='ltr'><strong>in</strong></span> <span class='ocrx_word' id='word_1_60' title='bbox 485 1099 621 1158; x_wconf 90' lang='lat' dir='ltr'><strong>corporo,</strong></span> <span class='ocrx_word' id='word_1_61' title='bbox 650 1090 701 1138; x_wconf 88' lang='lat' dir='ltr'><strong>aut</strong></span> <span class='ocrx_word' id='word_1_62' title='bbox 727 1090 821 1151; x_wconf 87' lang='lat' dir='ltr'><strong>certe,</strong></span> <span class='ocrx_word' id='word_1_63' title='bbox 849 1082 924 1140; x_wconf 91' lang='lat' dir='ltr'><strong>sicut</strong></span> <span class='ocrx_word' id='word_1_64' title='bbox 942 1080 978 1140; x_wconf 90' lang='lat' dir='ltr'><strong>de</strong></span> <span class='ocrx_word' id='word_1_65' title='bbox 998 1080 1119 1158; x_wconf 89' lang='lat' dir='ltr'><strong>quodum</strong></span> 
     </span>
     <span class='ocr_line' id='line_1_10' title="bbox 133 1162 1119 1243; baseline 0.001 -21"><span class='ocrx_word' id='word_1_66' title='bbox 133 1166 210 1232; x_wconf 75' lang='lat' dir='ltr'><strong>iusto</strong></span> <span class='ocrx_word' id='word_1_67' title='bbox 238 1162 389 1224; x_wconf 87' lang='lat' dir='ltr'><strong>evidenter</strong></span> <span class='ocrx_word' id='word_1_68' title='bbox 415 1165 541 1224; x_wconf 82' lang='lat' dir='ltr'><strong>refertur</strong></span> <span class='ocrx_word' id='word_1_69' title='bbox 567 1166 596 1223; x_wconf 92' lang='lat' dir='ltr'><strong>in</strong></span> <span class='ocrx_word' id='word_1_70' title='bbox 614 1165 719 1224; x_wconf 90' lang='lat' dir='ltr'><strong>litteris</strong></span> <span class='ocrx_word' id='word_1_71' title='bbox 737 1165 826 1242; x_wconf 88' lang='lat' dir='ltr'><strong>legis,</strong></span> <span class='ocrx_word' id='word_1_72' title='bbox 848 1164 924 1243; x_wconf 91' lang='lat' dir='ltr'><strong>quod</strong></span> <span class='ocrx_word' id='word_1_73' title='bbox 942 1166 1119 1225; x_wconf 77' lang='lat' dir='ltr'><strong>transtulerit</strong></span> 
     </span>
     <span class='ocr_line' id='line_1_11' title="bbox 133 1247 1137 1328; baseline 0.001 -20"><span class='ocrx_word' id='word_1_74' title='bbox 133 1268 199 1308; x_wconf 90' lang='lat' dir='ltr'><strong>eum</strong></span> <span class='ocrx_word' id='word_1_75' title='bbox 218 1247 299 1308; x_wconf 85' lang='lat' dir='ltr'><strong>deus.</strong></span> <span class='ocrx_word' id='word_1_76' title='bbox 347 1247 438 1308; x_wconf 81' lang='lat' dir='ltr'><strong>Simili</strong></span> <span class='ocrx_word' id='word_1_77' title='bbox 465 1250 598 1328; x_wconf 77' lang='lat' dir='ltr'><strong>exemplo</strong></span> <span class='ocrx_word' id='word_1_78' title='bbox 618 1251 703 1308; x_wconf 85' lang='lat' dir='ltr'><strong>etiam</strong></span> <span class='ocrx_word' id='word_1_79' title='bbox 722 1269 786 1308; x_wconf 89' lang='lat' dir='ltr'><strong>cum</strong></span> <span class='ocrx_word' id='word_1_80' title='bbox 804 1251 913 1313; x_wconf 78' lang='lat' dir='ltr'><strong>ceteris</strong></span> <span class='ocrx_word' id='word_1_81' title='bbox 935 1261 1047 1327; x_wconf 86' lang='lat' dir='ltr'><strong>gestum</strong></span> <span class='ocrx_word' id='word_1_82' title='bbox 1075 1261 1137 1309; x_wconf 67' lang='lat' dir='ltr'><strong>esti</strong></span> 
     </span>
     <span class='ocr_line' id='line_1_12' title="bbox 134 1326 1259 1413; baseline 0.006 -23"><span class='ocrx_word' id='word_1_83' title='bbox 134 1335 183 1412; x_wconf 87' lang='lat' dir='ltr'><strong>qni</strong></span> <span class='ocrx_word' id='word_1_84' title='bbox 210 1334 271 1392; x_wconf 90' lang='lat' dir='ltr'><strong>eius</strong></span> <span class='ocrx_word' id='word_1_85' title='bbox 298 1335 436 1394; x_wconf 88' lang='lat' dir='ltr'><strong>voluntati</strong></span> <span class='ocrx_word' id='word_1_86' title='bbox 464 1335 652 1413; x_wconf 82' lang='lat' dir='ltr'><strong>placuerunt,</strong></span> <span class='ocrx_word' id='word_1_87' title='bbox 680 1346 711 1392; x_wconf 91' lang='lat' dir='ltr'><strong>ut</strong></span> <span class='ocrx_word' id='word_1_88' title='bbox 730 1333 773 1393; x_wconf 89' lang='lat' dir='ltr'><strong>&#39;ad</strong></span> <span class='ocrx_word' id='word_1_89' title='bbox 800 1333 962 1412; x_wconf 78' lang='lat' dir='ltr'><strong>paradisum</strong></span> <span class='ocrx_word' id='word_1_90' title='bbox 989 1326 1139 1397; x_wconf 62' lang='lat' dir='ltr'><strong>translati?</strong></span> <span class='ocrx_word' id='word_1_91' title='bbox 1257 1400 1259 1406; x_wconf 73' lang='grc'>,</span> 
     </span>
     <span class='ocr_line' id='line_1_13' title="bbox 133 1394 1271 1498; baseline -0.002 -22"><span class='ocrx_word' id='word_1_92' title='bbox 133 1429 285 1477; x_wconf 88' lang='lat' dir='ltr'><strong>serventur</strong></span> <span class='ocrx_word' id='word_1_93' title='bbox 303 1415 342 1483; x_wconf 85' lang='lat' dir='ltr'><strong>ad</strong></span> <span class='ocrx_word' id='word_1_94' title='bbox 357 1437 488 1498; x_wconf 90' lang='lat' dir='ltr'><strong>regnum,</strong></span> <span class='ocrx_word' id='word_1_95' title='bbox 510 1438 608 1479; x_wconf 89' lang='lat' dir='ltr'><strong>eorum</strong></span> <span class='ocrx_word' id='word_1_96' title='bbox 626 1439 697 1477; x_wconf 89' lang='lat' dir='ltr'><strong>vero</strong></span> <span class='ocrx_word' id='word_1_97' title='bbox 715 1421 762 1497; x_wconf 90' lang='lat' dir='ltr'><strong>qui</strong></span> <span class='ocrx_word' id='word_1_98' title='bbox 780 1439 838 1476; x_wconf 91' lang='lat' dir='ltr'><strong>non</strong></span> <span class='ocrx_word' id='word_1_99' title='bbox 856 1418 891 1478; x_wconf 91' lang='lat' dir='ltr'><strong>ad</strong></span> <span class='ocrx_word' id='word_1_100' title='bbox 910 1420 1052 1496; x_wconf 87' lang='lat' dir='ltr'><strong>integrum</strong></span> <span class='ocrx_word' id='word_1_101' title='bbox 1067 1441 1119 1497; x_wconf 92' lang='lat' dir='ltr'><strong>po·</strong></span> <span class='ocrx_word' id='word_1_102' title='bbox 1145 1394 1271 1491; x_wconf 58' lang='lat' dir='ltr'><strong>blumio</strong></span> 
     </span>
     <span class='ocr_line' id='line_1_14' title="bbox 133 1492 1314 1581; baseline -0.003 -22"><span class='ocrx_word' id='word_1_103' title='bbox 133 1514 216 1562; x_wconf 90' lang='lat' dir='ltr'><strong>tuere</strong></span> <span class='ocrx_word' id='word_1_104' title='bbox 244 1505 363 1581; x_wconf 79' lang='lat' dir='ltr'><strong>explere</strong></span> <span class='ocrx_word' id='word_1_105' title='bbox 391 1523 517 1564; x_wconf 86' lang='lat' dir='ltr'><strong>normam</strong></span> <span class='ocrx_word' id='word_1_106' title='bbox 546 1504 684 1574; x_wconf 87' lang='lat' dir='ltr'><strong>iustitiae,</strong></span> <span class='ocrx_word' id='word_1_107' title='bbox 712 1501 764 1562; x_wconf 91' lang='lat' dir='ltr'><strong>sed</strong></span> <span class='ocrx_word' id='word_1_108' title='bbox 784 1504 892 1581; x_wconf 90' lang='lat' dir='ltr'><strong>aliquas</strong></span> <span class='ocrx_word' id='word_1_109' title='bbox 914 1505 943 1562; x_wconf 91' lang='lat' dir='ltr'><strong>ia</strong></span> <span class='ocrx_word' id='word_1_110' title='bbox 961 1523 1013 1561; x_wconf 87' lang='lat' dir='ltr'><strong>sua</strong></span> <span class='ocrx_word' id='word_1_111' title='bbox 1030 1523 1118 1562; x_wconf 89' lang='lat' dir='ltr'><strong>earuu</strong></span> <span class='ocrx_word' id='word_1_112' title='bbox 1148 1492 1314 1564; x_wconf 42' lang='lat' dir='ltr'><strong>traslatores»</strong></span> 
     </span>
     <span class='ocr_line' id='line_1_15' title="bbox 132 1587 1116 1666; baseline 0 -20"><span class='ocrx_word' id='word_1_113' title='bbox 132 1588 259 1646; x_wconf 87' lang='lat' dir='ltr'><strong>malitiae</strong></span> <span class='ocrx_word' id='word_1_114' title='bbox 278 1589 414 1666; x_wconf 85' lang='lat' dir='ltr'><strong>reliquias</strong></span> <span class='ocrx_word' id='word_1_115' title='bbox 433 1587 576 1658; x_wconf 88' lang='lat' dir='ltr'><strong>habuere,</strong></span> <span class='ocrx_word' id='word_1_116' title='bbox 607 1607 732 1666; x_wconf 86' lang='lat' dir='ltr'><strong>corpora</strong></span> <span class='ocrx_word' id='word_1_117' title='bbox 759 1587 871 1665; x_wconf 91' lang='lat' dir='ltr'><strong>quidem</strong></span> <span class='ocrx_word' id='word_1_118' title='bbox 890 1589 1116 1658; x_wconf 82' lang='lat' dir='ltr'><strong>resolverentur,</strong></span> 
     </span>
     <span class='ocr_line' id='line_1_16' title="bbox 128 1673 1118 1750; baseline 0.001 -21"><span class='ocrx_word' id='word_1_119' title='bbox 128 1674 244 1730; x_wconf 41' lang='lat' dir='ltr'><strong>*animae</strong></span> <span class='ocrx_word' id='word_1_120' title='bbox 264 1691 333 1732; x_wconf 89' lang='lat' dir='ltr'><strong>vcro</strong></span> <span class='ocrx_word' id='word_1_121' title='bbox 351 1685 535 1736; x_wconf 84' lang='lat' dir='ltr'><strong>servarentur</strong></span> <span class='ocrx_word' id='word_1_122' title='bbox 553 1674 581 1732; x_wconf 91' lang='lat' dir='ltr'><strong>iu</strong></span> <span class='ocrx_word' id='word_1_123' title='bbox 599 1673 683 1732; x_wconf 91' lang='lat' dir='ltr'><strong>bonis</strong></span> <span class='ocrx_word' id='word_1_124' title='bbox 700 1673 840 1750; x_wconf 82' lang='lat' dir='ltr'><strong>laetisque</strong></span> <span class='ocrx_word' id='word_1_125' title='bbox 854 1673 1034 1749; x_wconf 87' lang='lat' dir='ltr'><strong>regionibns,</strong></span> <span class='ocrx_word' id='word_1_126' title='bbox 1050 1675 1118 1730; x_wconf 85' lang='lat' dir='ltr'><strong>utin</strong></span> 
     </span>
     <span class='ocr_line' id='line_1_17' title="bbox 132 1758 1226 1835; baseline 0.001 -20"><span class='ocrx_word' id='word_1_127' title='bbox 132 1759 347 1818; x_wconf 87' lang='lat' dir='ltr'><strong>resurrectione</strong></span> <span class='ocrx_word' id='word_1_128' title='bbox 367 1768 552 1829; x_wconf 87' lang='lat' dir='ltr'><strong>mortuorum,</strong></span> <span class='ocrx_word' id='word_1_129' title='bbox 574 1776 636 1818; x_wconf 87' lang='lat' dir='ltr'><strong>cnm</strong></span> <span class='ocrx_word' id='word_1_130' title='bbox 655 1777 706 1816; x_wconf 91' lang='lat' dir='ltr'><strong>sua</strong></span> <span class='ocrx_word' id='word_1_131' title='bbox 723 1759 901 1834; x_wconf 81' lang='lat' dir='ltr'><strong>receperint,</strong></span> <span class='ocrx_word' id='word_1_132' title='bbox 921 1759 985 1834; x_wconf 91' lang='lat' dir='ltr'><strong>ipsa</strong></span> <span class='ocrx_word' id='word_1_133' title='bbox 1001 1758 1057 1814; x_wconf 90' lang='lat' dir='ltr'><strong>iam</strong></span> <span class='ocrx_word' id='word_1_134' title='bbox 1071 1776 1142 1835; x_wconf 64' lang='lat' dir='ltr'><strong>re,</strong></span> <span class='ocrx_word' id='word_1_135' title='bbox 1211 1773 1226 1796; x_wconf 86' lang='lat'><strong>·</strong></span> 
     </span>
     <span class='ocr_line' id='line_1_18' title="bbox 130 1841 1121 1921; baseline -0.001 -21"><span class='ocrx_word' id='word_1_136' title='bbox 130 1843 276 1900; x_wconf 86' lang='lat' dir='ltr'><strong>solutione</strong></span> <span class='ocrx_word' id='word_1_137' title='bbox 299 1843 427 1921; x_wconf 86' lang='lat' dir='ltr'><strong>purgati,</strong></span> <span class='ocrx_word' id='word_1_138' title='bbox 456 1862 509 1921; x_wconf 93' lang='lat' dir='ltr'><strong>pro</strong></span> <span class='ocrx_word' id='word_1_139' title='bbox 536 1843 680 1920; x_wconf 87' lang='lat' dir='ltr'><strong>hisquae</strong></span> <span class='ocrx_word' id='word_1_140' title='bbox 706 1841 781 1902; x_wconf 90' lang='lat' dir='ltr'><strong>bene</strong></span> <span class='ocrx_word' id='word_1_141' title='bbox 809 1853 973 1919; x_wconf 81' lang='lat' dir='ltr'><strong>gesserant,</strong></span> <span class='ocrx_word' id='word_1_142' title='bbox 999 1851 1121 1909; x_wconf 75' lang='lat' dir='ltr'><strong>aeterna</strong></span> 
     </span>
     <span class='ocr_line' id='line_1_19' title="bbox 131 1923 1118 2004; baseline 0.006 -20"><span class='ocrx_word' id='word_1_143' title='bbox 131 1923 294 1986; x_wconf 81' lang='lat' dir='ltr'><strong>hereditate</strong></span> <span class='ocrx_word' id='word_1_144' title='bbox 313 1927 469 2004; x_wconf 83' lang='lat' dir='ltr'><strong>potiantur.</strong></span> <span class='ocrx_word' id='word_1_145' title='bbox 490 1925 528 1986; x_wconf 84' lang='lat' dir='ltr'><strong>Et</strong></span> <span class='ocrx_word' id='word_1_146' title='bbox 546 1926 611 1986; x_wconf 89' lang='lat' dir='ltr'><strong>ideo</strong></span> <span class='ocrx_word' id='word_1_147' title='bbox 630 1927 709 1986; x_wconf 89' lang='lat' dir='ltr'><strong>beati</strong></span> <span class='ocrx_word' id='word_1_148' title='bbox 727 1937 793 1986; x_wconf 93' lang='lat' dir='ltr'><strong>sunt</strong></span> <span class='ocrx_word' id='word_1_149' title='bbox 810 1942 921 1998; x_wconf 89' lang='lat' dir='ltr'><strong>omues,</strong></span> <span class='ocrx_word' id='word_1_150' title='bbox 941 1928 1118 2004; x_wconf 81' lang='lat' dir='ltr'><strong>quiregnum</strong></span> 
     </span>
     <span class='ocr_line' id='line_1_20' title="bbox 133 2010 1118 2091; baseline -0.001 -21"><span class='ocrx_word' id='word_1_151' title='bbox 133 2011 239 2070; x_wconf 89' lang='lat' dir='ltr'><strong>Christi</strong></span> <span class='ocrx_word' id='word_1_152' title='bbox 261 2011 369 2070; x_wconf 84' lang='lat' dir='ltr'><strong>luerint</strong></span> <span class='ocrx_word' id='word_1_153' title='bbox 386 2010 495 2091; x_wconf 88' lang='lat' dir='ltr'><strong>adepti,</strong></span> <span class='ocrx_word' id='word_1_154' title='bbox 516 2013 582 2090; x_wconf 87' lang='lat' dir='ltr'><strong>quia</strong></span> <span class='ocrx_word' id='word_1_155' title='bbox 598 2031 657 2071; x_wconf 90' lang='lat' dir='ltr'><strong>nou</strong></span> <span class='ocrx_word' id='word_1_156' title='bbox 675 2013 765 2070; x_wconf 88' lang='lat' dir='ltr'><strong>solum</strong></span> <span class='ocrx_word' id='word_1_157' title='bbox 783 2011 891 2071; x_wconf 81' lang='lat' dir='ltr'><strong>Inferni</strong></span> <span class='ocrx_word' id='word_1_158' title='bbox 919 2030 1029 2090; x_wconf 85' lang='lat' dir='ltr'><strong>poenas</strong></span> <span class='ocrx_word' id='word_1_159' title='bbox 1047 2012 1118 2070; x_wconf 82' lang='lat' dir='ltr'><strong>ellu-</strong></span> 
     </span>
     <span class='ocr_line' id='line_1_21' title="bbox 131 2094 1138 2176; baseline 0 -22"><span class='ocrx_word' id='word_1_160' title='bbox 131 2098 225 2174; x_wconf 84' lang='lat' dir='ltr'><strong>gient,</strong></span> <span class='ocrx_word' id='word_1_161' title='bbox 245 2094 298 2156; x_wconf 89' lang='lat' dir='ltr'><strong>sed</strong></span> <span class='ocrx_word' id='word_1_162' title='bbox 316 2107 346 2155; x_wconf 93' lang='lat' dir='ltr'><strong>et</strong></span> <span class='ocrx_word' id='word_1_163' title='bbox 364 2097 598 2176; x_wconf 84' lang='lat' dir='ltr'><strong>incorruptibiles</strong></span> <span class='ocrx_word' id='word_1_164' title='bbox 621 2096 841 2176; x_wconf 88' lang='lat' dir='ltr'><strong>permanebunt,</strong></span> <span class='ocrx_word' id='word_1_165' title='bbox 870 2107 901 2155; x_wconf 90' lang='lat' dir='ltr'><strong>et</strong></span> <span class='ocrx_word' id='word_1_166' title='bbox 922 2098 1005 2174; x_wconf 86' lang='lat' dir='ltr'><strong>primi</strong></span> <span class='ocrx_word' id='word_1_167' title='bbox 1033 2095 1116 2154; x_wconf 92' lang='lat' dir='ltr'><strong>deum</strong></span> <span class='ocrx_word' id='word_1_168' title='bbox 1136 2124 1138 2129; x_wconf 96' lang='lat'>·</span> 
     </span>
     <span class='ocr_line' id='line_1_22' title="bbox 129 2179 1143 2261; baseline 0.002 -22"><span class='ocrx_word' id='word_1_169' title='bbox 129 2191 242 2259; x_wconf 87' lang='lat' dir='ltr'><strong>putrem</strong></span> <span class='ocrx_word' id='word_1_170' title='bbox 260 2179 413 2254; x_wconf 84' lang='lat' dir='ltr'><strong>videbunt&#39;,</strong></span> <span class='ocrx_word' id='word_1_171' title='bbox 443 2193 527 2261; x_wconf 91' lang='lat' dir='ltr'><strong>atque</strong></span> <span class='ocrx_word' id='word_1_172' title='bbox 551 2183 627 2242; x_wconf 91' lang='lat' dir='ltr'><strong>iuter</strong></span> <span class='ocrx_word' id='word_1_173' title='bbox 653 2183 761 2261; x_wconf 90' lang='lat' dir='ltr'><strong>primus</strong></span> <span class='ocrx_word' id='word_1_174' title='bbox 786 2180 862 2261; x_wconf 90' lang='lat' dir='ltr'><strong>apud</strong></span> <span class='ocrx_word' id='word_1_175' title='bbox 890 2179 973 2240; x_wconf 89' lang='lat' dir='ltr'><strong>deum</strong></span> <span class='ocrx_word' id='word_1_176' title='bbox 999 2180 1117 2241; x_wconf 87' lang='lat' dir='ltr'><strong>honoris</strong></span> <span class='ocrx_word' id='word_1_177' title='bbox 1134 2213 1143 2227; x_wconf 64' lang='grc' dir='ltr'><strong>ι·</strong></span> 
     </span>
     <span class='ocr_line' id='line_1_23' title="bbox 131 2265 503 2345; baseline 0.013 -22"><span class='ocrx_word' id='word_1_178' title='bbox 131 2265 261 2327; x_wconf 88' lang='lat' dir='ltr'><strong>ordinem</strong></span> <span class='ocrx_word' id='word_1_179' title='bbox 281 2278 503 2345; x_wconf 85' lang='lat' dir='ltr'><strong>consequentur.</strong></span> 
     </span>
    </p>

    <p class='ocr_par' dir='ltr' id='par_1_3' title="bbox 126 2349 1200 3697">
     <span class='ocr_line' id='line_1_24' title="bbox 173 2349 1117 2432; baseline 0.001 -22"><span class='ocrx_word' id='word_1_180' title='bbox 173 2349 229 2410; x_wconf 75' lang='lat'><strong>55.</strong></span> <span class='ocrx_word' id='word_1_181' title='bbox 277 2350 401 2431; x_wconf 89' lang='lat' dir='ltr'><strong>Propter</strong></span> <span class='ocrx_word' id='word_1_182' title='bbox 427 2350 503 2431; x_wconf 92' lang='lat' dir='ltr'><strong>quod</strong></span> <span class='ocrx_word' id='word_1_183' title='bbox 521 2372 577 2411; x_wconf 90' lang='lat' dir='ltr'><strong>nou</strong></span> <span class='ocrx_word' id='word_1_184' title='bbox 596 2354 711 2411; x_wconf 89' lang='lat' dir='ltr'><strong>minima</strong></span> <span class='ocrx_word' id='word_1_185' title='bbox 730 2351 765 2412; x_wconf 92' lang='lat' dir='ltr'><strong>de</strong></span> <span class='ocrx_word' id='word_1_186' title='bbox 785 2352 899 2412; x_wconf 86' lang='lat' dir='ltr'><strong>Christo</strong></span> <span class='ocrx_word' id='word_1_187' title='bbox 918 2351 1048 2432; x_wconf 87' lang='lat' dir='ltr'><strong>quaestio</strong></span> <span class='ocrx_word' id='word_1_188' title='bbox 1067 2353 1117 2411; x_wconf 90' lang='lat' dir='ltr'><strong>ha-</strong></span> 
     </span>
     <span class='ocr_line' id='line_1_25' title="bbox 126 2432 1117 2515; baseline 0 -20"><span class='ocrx_word' id='word_1_189' title='bbox 126 2432 227 2507; x_wconf 86' lang='lat' dir='ltr'><strong>·be&#39;tur,</strong></span> <span class='ocrx_word' id='word_1_190' title='bbox 249 2446 279 2495; x_wconf 90' lang='lat' dir='ltr'><strong>et</strong></span> <span class='ocrx_word' id='word_1_191' title='bbox 296 2434 428 2495; x_wconf 84' lang='lat' dir='ltr'><strong>infideles</strong></span> <span class='ocrx_word' id='word_1_192' title='bbox 447 2434 550 2515; x_wconf 86' lang='lat' dir='ltr'><strong>quique</strong></span> <span class='ocrx_word' id='word_1_193' title='bbox 569 2456 606 2495; x_wconf 87' lang='lat' dir='ltr'><strong>ex</strong></span> <span class='ocrx_word' id='word_1_194' title='bbox 624 2436 739 2497; x_wconf 83' lang='lat' dir='ltr'><strong>ludaeis</strong></span> <span class='ocrx_word' id='word_1_195' title='bbox 757 2439 895 2497; x_wconf 88' lang='lat' dir='ltr'><strong>immensa</strong></span> <span class='ocrx_word' id='word_1_196' title='bbox 904 2436 1053 2498; x_wconf 89' lang='lat' dir='ltr'><strong>adversum</strong></span> <span class='ocrx_word' id='word_1_197' title='bbox 1064 2457 1117 2495; x_wconf 90' lang='lat' dir='ltr'><strong>nos</strong></span> 
     </span>
     <span class='ocr_line' id='line_1_26' title="bbox 126 2522 1116 2602; baseline 0.002 -23"><span class='ocrx_word' id='word_1_198' title='bbox 126 2522 242 2580; x_wconf 86' lang='lat' dir='ltr'><strong>insania</strong></span> <span class='ocrx_word' id='word_1_199' title='bbox 259 2532 484 2593; x_wconf 87' lang='lat' dir='ltr'><strong>commoventur,</strong></span> <span class='ocrx_word' id='word_1_200' title='bbox 503 2532 637 2581; x_wconf 87' lang='lat' dir='ltr'><strong>verentes</strong></span> <span class='ocrx_word' id='word_1_201' title='bbox 660 2542 696 2581; x_wconf 91' lang='lat' dir='ltr'><strong>ne</strong></span> <span class='ocrx_word' id='word_1_202' title='bbox 715 2523 791 2581; x_wconf 86' lang='lat' dir='ltr'><strong>lorte</strong></span> <span class='ocrx_word' id='word_1_203' title='bbox 810 2525 873 2602; x_wconf 88' lang='lat' dir='ltr'><strong>ipse</strong></span> <span class='ocrx_word' id='word_1_204' title='bbox 900 2524 949 2594; x_wconf 88' lang='lat' dir='ltr'><strong>sit,</strong></span> <span class='ocrx_word' id='word_1_205' title='bbox 979 2525 1007 2581; x_wconf 91' lang='lat' dir='ltr'><strong>iu</strong></span> <span class='ocrx_word' id='word_1_206' title='bbox 1034 2543 1116 2601; x_wconf 90' lang='lat' dir='ltr'><strong>quem</strong></span> 
     </span>
     <span class='ocr_line' id='line_1_27' title="bbox 130 2606 1170 2686; baseline 0.002 -21"><span class='ocrx_word' id='word_1_207' title='bbox 130 2617 341 2685; x_wconf 84' lang='lat' dir='ltr'><strong>peceaveruut3</strong></span> <span class='ocrx_word' id='word_1_208' title='bbox 362 2616 393 2667; x_wconf 89' lang='lat' dir='ltr'><strong>et</strong></span> <span class='ocrx_word' id='word_1_209' title='bbox 411 2627 446 2665; x_wconf 88' lang='lat' dir='ltr'><strong>eo</strong></span> <span class='ocrx_word' id='word_1_210' title='bbox 465 2609 556 2685; x_wconf 85' lang='lat' dir='ltr'><strong>magis</strong></span> <span class='ocrx_word' id='word_1_211' title='bbox 573 2619 665 2667; x_wconf 90' lang='lat' dir='ltr'><strong>metus</strong></span> <span class='ocrx_word' id='word_1_212' title='bbox 679 2610 827 2679; x_wconf 87' lang='lat' dir='ltr'><strong>increscit,</strong></span> <span class='ocrx_word' id='word_1_213' title='bbox 848 2606 1038 2686; x_wconf 90' lang='lat' dir='ltr'><strong>quodsciunt,</strong></span> <span class='ocrx_word' id='word_1_214' title='bbox 1058 2619 1116 2667; x_wconf 88' lang='lat' dir='ltr'><strong>sta·</strong></span> <span class='ocrx_word' id='word_1_215' title='bbox 1163 2636 1170 2643; x_wconf 59' lang='grc'><em>’</em></span> 
     </span>
     <span class='ocr_line' id='line_1_28' title="bbox 129 2690 1116 2770; baseline 0.005 -23"><span class='ocrx_word' id='word_1_216' title='bbox 129 2692 181 2748; x_wconf 88' lang='lat' dir='ltr'><strong>tim</strong></span> <span class='ocrx_word' id='word_1_217' title='bbox 198 2702 229 2749; x_wconf 93' lang='lat' dir='ltr'><strong>ut</strong></span> <span class='ocrx_word' id='word_1_218' title='bbox 248 2710 311 2750; x_wconf 89' lang='lat' dir='ltr'><strong>eum</strong></span> <span class='ocrx_word' id='word_1_219' title='bbox 331 2694 410 2751; x_wconf 90' lang='lat' dir='ltr'><strong>cruci</strong></span> <span class='ocrx_word' id='word_1_220' title='bbox 429 2690 570 2765; x_wconf 76' lang='lat' dir='ltr'><strong>addixere,</strong></span> <span class='ocrx_word' id='word_1_221' title='bbox 600 2694 762 2752; x_wconf 84' lang='lat' dir='ltr'><strong>universum</strong></span> <span class='ocrx_word' id='word_1_222' title='bbox 790 2694 818 2752; x_wconf 84' lang='lat' dir='ltr'><strong>ei</strong></span> <span class='ocrx_word' id='word_1_223' title='bbox 845 2712 1023 2770; x_wconf 90' lang='lat' dir='ltr'><strong>compassum</strong></span> <span class='ocrx_word' id='word_1_224' title='bbox 1051 2712 1116 2753; x_wconf 88' lang='lat' dir='ltr'><strong>esse</strong></span> 
     </span>
     <span class='ocr_line' id='line_1_29' title="bbox 130 2774 1200 2855; baseline 0.002 -22"><span class='ocrx_word' id='word_1_225' title='bbox 130 2774 278 2855; x_wconf 85' lang='lat' dir='ltr'><strong>mnndum,</strong></span> <span class='ocrx_word' id='word_1_226' title='bbox 308 2796 470 2855; x_wconf 88' lang='lat' dir='ltr'><strong>corpusque</strong></span> <span class='ocrx_word' id='word_1_227' title='bbox 493 2778 555 2837; x_wconf 91' lang='lat' dir='ltr'><strong>eius</strong></span> <span class='ocrx_word' id='word_1_228' title='bbox 575 2776 707 2855; x_wconf 80' lang='lat' dir='ltr'><strong>diligenti</strong></span> <span class='ocrx_word' id='word_1_229' title='bbox 725 2799 743 2836; x_wconf 90' lang='lat' dir='ltr'><strong>a</strong></span> <span class='ocrx_word' id='word_1_230' title='bbox 760 2798 792 2837; x_wconf 93' lang='lat' dir='ltr'><strong>se</strong></span> <span class='ocrx_word' id='word_1_231' title='bbox 811 2777 942 2837; x_wconf 89' lang='lat' dir='ltr'><strong>custodia</strong></span> <span class='ocrx_word' id='word_1_232' title='bbox 960 2797 1116 2840; x_wconf 86' lang='lat' dir='ltr'><strong>conserva·</strong></span> <span class='ocrx_word' id='word_1_233' title='bbox 1192 2814 1200 2828; x_wconf 90' lang='lat'><strong>·</strong></span> 
     </span>
     <span class='ocr_line' id='line_1_30' title="bbox 129 2862 1115 2941; baseline 0.002 -23"><span class='ocrx_word' id='word_1_234' title='bbox 129 2870 188 2919; x_wconf 89' lang='lat' dir='ltr'><strong>tum</strong></span> <span class='ocrx_word' id='word_1_235' title='bbox 211 2868 347 2939; x_wconf 85' lang='lat' dir='ltr'><strong>nusquam</strong></span> <span class='ocrx_word' id='word_1_236' title='bbox 375 2865 581 2941; x_wconf 88' lang='lat' dir='ltr'><strong>comparuisse,</strong></span> <span class='ocrx_word' id='word_1_237' title='bbox 602 2873 687 2941; x_wconf 85' lang='lat' dir='ltr'><strong>atque</strong></span> <span class='ocrx_word' id='word_1_238' title='bbox 705 2862 742 2921; x_wconf 88' lang='lat' dir='ltr'><strong>ad</strong></span> <span class='ocrx_word' id='word_1_239' title='bbox 760 2862 845 2921; x_wconf 86' lang='lat' dir='ltr'><strong>iidem</strong></span> <span class='ocrx_word' id='word_1_240' title='bbox 859 2863 981 2920; x_wconf 89' lang='lat' dir='ltr'><strong>nominis</strong></span> <span class='ocrx_word' id='word_1_241' title='bbox 992 2864 1054 2921; x_wconf 81' lang='lat' dir='ltr'><strong>eius</strong></span> <span class='ocrx_word' id='word_1_242' title='bbox 1072 2864 1115 2920; x_wconf 89' lang='lat' dir='ltr'><strong>in-</strong></span> 
     </span>
     <span class='ocr_line' id='line_1_31' title="bbox 128 2945 1116 3025; baseline 0.002 -22"><span class='ocrx_word' id='word_1_243' title='bbox 128 2964 262 3005; x_wconf 89' lang='lat' dir='ltr'><strong>numeras</strong></span> <span class='ocrx_word' id='word_1_244' title='bbox 288 2945 481 3005; x_wconf 88' lang='lat' dir='ltr'><strong>multitudines</strong></span> <span class='ocrx_word' id='word_1_245' title='bbox 508 2949 677 3007; x_wconf 89' lang='lat' dir='ltr'><strong>convenire.</strong></span> <span class='ocrx_word' id='word_1_246' title='bbox 725 2946 807 3007; x_wconf 88' lang='lat' dir='ltr'><strong>Unde</strong></span> <span class='ocrx_word' id='word_1_247' title='bbox 834 2958 864 3007; x_wconf 91' lang='lat' dir='ltr'><strong>et</strong></span> <span class='ocrx_word' id='word_1_248' title='bbox 890 2949 1029 3025; x_wconf 88' lang='lat' dir='ltr'><strong>compulsi</strong></span> <span class='ocrx_word' id='word_1_249' title='bbox 1051 2959 1116 3006; x_wconf 88' lang='lat' dir='ltr'><strong>sunt</strong></span> 
     </span>
     <span class='ocr_line' id='line_1_32' title="bbox 127 3030 1115 3109; baseline 0.002 -22"><span class='ocrx_word' id='word_1_250' title='bbox 127 3045 186 3087; x_wconf 88' lang='lat' dir='ltr'><strong>uua</strong></span> <span class='ocrx_word' id='word_1_251' title='bbox 196 3048 258 3087; x_wconf 91' lang='lat' dir='ltr'><strong>cum</strong></span> <span class='ocrx_word' id='word_1_252' title='bbox 269 3030 405 3107; x_wconf 84' lang='lat' dir='ltr'><strong>pontifice</strong></span> <span class='ocrx_word' id='word_1_253' title='bbox 417 3030 537 3108; x_wconf 86' lang='lat' dir='ltr'><strong>Caipba,</strong></span> <span class='ocrx_word' id='word_1_254' title='bbox 558 3034 673 3109; x_wconf 89' lang='lat' dir='ltr'><strong>saepius</strong></span> <span class='ocrx_word' id='word_1_255' title='bbox 682 3034 797 3091; x_wconf 89' lang='lat' dir='ltr'><strong>mittere</strong></span> <span class='ocrx_word' id='word_1_256' title='bbox 805 3032 843 3090; x_wconf 91' lang='lat' dir='ltr'><strong>ad</strong></span> <span class='ocrx_word' id='word_1_257' title='bbox 852 3052 916 3103; x_wconf 94' lang='lat' dir='ltr'><strong>nos,</strong></span> <span class='ocrx_word' id='word_1_258' title='bbox 937 3043 968 3090; x_wconf 89' lang='lat' dir='ltr'><strong>ut</strong></span> <span class='ocrx_word' id='word_1_259' title='bbox 978 3030 1013 3090; x_wconf 91' lang='lat' dir='ltr'><strong>de</strong></span> <span class='ocrx_word' id='word_1_260' title='bbox 1024 3033 1115 3090; x_wconf 88' lang='lat' dir='ltr'><strong>nomi·</strong></span> 
     </span>
     <span class='ocr_line' id='line_1_33' title="bbox 127 3114 1115 3193; baseline 0 -21"><span class='ocrx_word' id='word_1_261' title='bbox 127 3114 173 3173; x_wconf 89' lang='lat' dir='ltr'><strong>uis</strong></span> <span class='ocrx_word' id='word_1_262' title='bbox 184 3115 246 3171; x_wconf 91' lang='lat' dir='ltr'><strong>eius</strong></span> <span class='ocrx_word' id='word_1_263' title='bbox 254 3114 377 3172; x_wconf 85' lang='lat' dir='ltr'><strong>veritate</strong></span> <span class='ocrx_word' id='word_1_264' title='bbox 388 3126 586 3192; x_wconf 87' lang='lat' dir='ltr'><strong>quaereretur.</strong></span> <span class='ocrx_word' id='word_1_265' title='bbox 609 3114 734 3193; x_wconf 83' lang='lat' dir='ltr'><strong>Cumque</strong></span> <span class='ocrx_word' id='word_1_266' title='bbox 745 3116 849 3174; x_wconf 91' lang='lat' dir='ltr'><strong>crebro</strong></span> <span class='ocrx_word' id='word_1_267' title='bbox 859 3114 1064 3193; x_wconf 83' lang='lat' dir='ltr'><strong>deposcerent,</strong></span> <span class='ocrx_word' id='word_1_268' title='bbox 1086 3126 1115 3172; x_wconf 91' lang='lat' dir='ltr'><strong>nt</strong></span> 
     </span>
     <span class='ocr_line' id='line_1_34' title="bbox 130 3196 1115 3276; baseline 0.002 -21"><span class='ocrx_word' id='word_1_269' title='bbox 130 3198 168 3255; x_wconf 92' lang='lat' dir='ltr'><strong>de</strong></span> <span class='ocrx_word' id='word_1_270' title='bbox 198 3196 264 3255; x_wconf 91' lang='lat' dir='ltr'><strong>lesu</strong></span> <span class='ocrx_word' id='word_1_271' title='bbox 290 3207 339 3255; x_wconf 86' lang='lat' dir='ltr'><strong>ant</strong></span> <span class='ocrx_word' id='word_1_272' title='bbox 365 3196 512 3257; x_wconf 87' lang='lat' dir='ltr'><strong>discerent</strong></span> <span class='ocrx_word' id='word_1_273' title='bbox 538 3208 586 3256; x_wconf 89' lang='lat' dir='ltr'><strong>aut</strong></span> <span class='ocrx_word' id='word_1_274' title='bbox 613 3196 766 3269; x_wconf 81' lang='lat' dir='ltr'><strong>docerent,</strong></span> <span class='ocrx_word' id='word_1_275' title='bbox 795 3200 820 3256; x_wconf 89' lang='lat' dir='ltr'><strong>si</strong></span> <span class='ocrx_word' id='word_1_276' title='bbox 838 3200 900 3276; x_wconf 90' lang='lat' dir='ltr'><strong>ipse</strong></span> <span class='ocrx_word' id='word_1_277' title='bbox 928 3209 1006 3271; x_wconf 87' lang='lat' dir='ltr'><strong>esset</strong></span> <span class='ocrx_word' id='word_1_278' title='bbox 1032 3198 1115 3257; x_wconf 90' lang='lat' dir='ltr'><strong>Cbri·</strong></span> 
     </span>
     <span class='ocr_line' id='line_1_35' title="bbox 127 3280 1176 3360; baseline 0.001 -19"><span class='ocrx_word' id='word_1_279' title='bbox 127 3293 202 3352; x_wconf 85' lang='lat' dir='ltr'><strong>stus,</strong></span> <span class='ocrx_word' id='word_1_280' title='bbox 220 3282 310 3340; x_wconf 90' lang='lat' dir='ltr'><strong>visum</strong></span> <span class='ocrx_word' id='word_1_281' title='bbox 328 3281 410 3341; x_wconf 93' lang='lat' dir='ltr'><strong>nobis</strong></span> <span class='ocrx_word' id='word_1_282' title='bbox 429 3294 474 3341; x_wconf 87' lang='lat' dir='ltr'><strong>est</strong></span> <span class='ocrx_word' id='word_1_283' title='bbox 492 3280 650 3341; x_wconf 89' lang='lat' dir='ltr'><strong>ascendere</strong></span> <span class='ocrx_word' id='word_1_284' title='bbox 669 3281 705 3341; x_wconf 86' lang='lat' dir='ltr'><strong>ad</strong></span> <span class='ocrx_word' id='word_1_285' title='bbox 724 3283 870 3360; x_wconf 87' lang='lat' dir='ltr'><strong>templum,</strong></span> <span class='ocrx_word' id='word_1_286' title='bbox 891 3294 1027 3341; x_wconf 88' lang='lat' dir='ltr'><strong>eteorum</strong></span> <span class='ocrx_word' id='word_1_287' title='bbox 1038 3286 1113 3342; x_wconf 90' lang='lat' dir='ltr'><strong>omni</strong></span> <span class='ocrx_word' id='word_1_288' title='bbox 1170 3297 1176 3302; x_wconf 85' lang='grc'><strong>’</strong></span> 
     </span>
     <span class='ocr_line' id='line_1_36' title="bbox 127 3366 1114 3445; baseline 0.002 -21"><span class='ocrx_word' id='word_1_289' title='bbox 127 3366 235 3445; x_wconf 92' lang='lat' dir='ltr'><strong>populo</strong></span> <span class='ocrx_word' id='word_1_290' title='bbox 253 3368 409 3445; x_wconf 86' lang='lat' dir='ltr'><strong>protestari</strong></span> <span class='ocrx_word' id='word_1_291' title='bbox 427 3366 531 3438; x_wconf 90' lang='lat' dir='ltr'><strong>deeo,</strong></span> <span class='ocrx_word' id='word_1_292' title='bbox 552 3368 632 3426; x_wconf 91' lang='lat' dir='ltr'><strong>simul</strong></span> <span class='ocrx_word' id='word_1_293' title='bbox 652 3378 684 3426; x_wconf 92' lang='lat' dir='ltr'><strong>et</strong></span> <span class='ocrx_word' id='word_1_294' title='bbox 700 3386 824 3445; x_wconf 85' lang='lat' dir='ltr'><strong>arguere</strong></span> <span class='ocrx_word' id='word_1_295' title='bbox 847 3367 969 3427; x_wconf 90' lang='lat' dir='ltr'><strong>ludaeos</strong></span> <span class='ocrx_word' id='word_1_296' title='bbox 988 3366 1023 3427; x_wconf 88' lang='lat' dir='ltr'><strong>dc</strong></span> <span class='ocrx_word' id='word_1_297' title='bbox 1043 3370 1114 3428; x_wconf 91' lang='lat' dir='ltr'><strong>mul·</strong></span> 
     </span>
     <span class='ocr_line' id='line_1_37' title="bbox 128 3450 1113 3529; baseline 0.004 -21"><span class='ocrx_word' id='word_1_298' title='bbox 128 3452 176 3521; x_wconf 90' lang='lat' dir='ltr'><strong>tis,</strong></span> <span class='ocrx_word' id='word_1_299' title='bbox 204 3470 276 3528; x_wconf 88' lang='lat' dir='ltr'><strong>quae</strong></span> <span class='ocrx_word' id='word_1_300' title='bbox 304 3450 339 3509; x_wconf 87' lang='lat' dir='ltr'><strong>ab</strong></span> <span class='ocrx_word' id='word_1_301' title='bbox 368 3453 410 3510; x_wconf 93' lang='lat' dir='ltr'><strong>eis</strong></span> <span class='ocrx_word' id='word_1_302' title='bbox 437 3450 558 3511; x_wconf 87' lang='lat' dir='ltr'><strong>absurde</strong></span> <span class='ocrx_word' id='word_1_303' title='bbox 588 3453 773 3529; x_wconf 88' lang='lat' dir='ltr'><strong>gerebantur.</strong></span> <span class='ocrx_word' id='word_1_304' title='bbox 820 3452 852 3510; x_wconf 94' lang='lat' dir='ltr'><strong>lu</strong></span> <span class='ocrx_word' id='word_1_305' title='bbox 879 3455 980 3511; x_wconf 90' lang='lat' dir='ltr'><strong>multas</strong></span> <span class='ocrx_word' id='word_1_306' title='bbox 1007 3455 1113 3513; x_wconf 88' lang='lat' dir='ltr'><strong>etenim</strong></span> 
     </span>
     <span class='ocr_line' id='line_1_38' title="bbox 127 3535 1117 3615; baseline 0.002 -22"><span class='ocrx_word' id='word_1_307' title='bbox 127 3537 183 3593; x_wconf 87' lang='lat' dir='ltr'><strong>iam</strong></span> <span class='ocrx_word' id='word_1_308' title='bbox 210 3544 316 3613; x_wconf 65' lang='lat' dir='ltr'><strong>partes.</strong></span> <span class='ocrx_word' id='word_1_309' title='bbox 334 3537 455 3615; x_wconf 91' lang='lat' dir='ltr'><strong>populus</strong></span> <span class='ocrx_word' id='word_1_310' title='bbox 483 3535 684 3609; x_wconf 89' lang='lat' dir='ltr'><strong>scindebatur,</strong></span> <span class='ocrx_word' id='word_1_311' title='bbox 714 3538 795 3595; x_wconf 82' lang='lat' dir='ltr'><strong>initio</strong></span> <span class='ocrx_word' id='word_1_312' title='bbox 823 3548 914 3597; x_wconf 89' lang='lat' dir='ltr'><strong>sumto</strong></span> <span class='ocrx_word' id='word_1_313' title='bbox 942 3557 960 3596; x_wconf 86' lang='lat' dir='ltr'><strong>a</strong></span> <span class='ocrx_word' id='word_1_314' title='bbox 985 3537 1117 3596; x_wconf 88' lang='lat' dir='ltr'><strong>lobanne&#39;</strong></span> 
     </span>
     <span class='ocr_line' id='line_1_39' title="bbox 128 3618 1039 3697; baseline -0.001 -18"><span class='ocrx_word' id='word_1_315' title='bbox 128 3618 263 3697; x_wconf 85' lang='lat' dir='ltr'><strong>baptista.</strong></span> <span class='ocrx_word' id='word_1_316' title='bbox 291 3622 292 3625; x_wconf 68' lang='grc'>’</span> <span class='ocrx_word' id='word_1_317' title='bbox 1037 3675 1039 3678; x_wconf 87' lang='grc'>.</span> 
     </span>
    </p>

    <p class='ocr_par' dir='ltr' id='par_1_4' title="bbox 125 3701 1185 3957">
     <span class='ocr_line' id='line_1_40' title="bbox 168 3701 1113 3768; baseline 0.001 -6"><span class='ocrx_word' id='word_1_318' title='bbox 168 3701 225 3763; x_wconf 72' lang='lat' dir='ltr'><strong>et.</strong></span> <span class='ocrx_word' id='word_1_319' title='bbox 272 3704 342 3763; x_wconf 87' lang='lat' dir='ltr'><strong>Cum</strong></span> <span class='ocrx_word' id='word_1_320' title='bbox 361 3708 435 3765; x_wconf 90' lang='lat' dir='ltr'><strong>enim</strong></span> <span class='ocrx_word' id='word_1_321' title='bbox 454 3708 507 3765; x_wconf 89' lang='lat' dir='ltr'><strong>iam</strong></span> <span class='ocrx_word' id='word_1_322' title='bbox 527 3708 689 3768; x_wconf 88' lang='lat' dir='ltr'><strong>immineret</strong></span> <span class='ocrx_word' id='word_1_323' title='bbox 706 3704 786 3766; x_wconf 72' lang='lat' dir='ltr'><strong>ortus&#39;</strong></span> <span class='ocrx_word' id='word_1_324' title='bbox 803 3706 908 3766; x_wconf 87' lang='lat' dir='ltr'><strong>Cbristi</strong></span> <span class='ocrx_word' id='word_1_325' title='bbox 922 3703 1113 3764; x_wconf 83' lang='lat' dir='ltr'><strong>adsacriboia</strong></span> 
     </span>
     <span class='ocr_line' id='line_1_41' title="bbox 128 3787 1112 3870; baseline 0.001 -24"><span class='ocrx_word' id='word_1_326' title='bbox 128 3787 239 3867; x_wconf 81' lang='lat' dir='ltr'><strong>quidem</strong></span> <span class='ocrx_word' id='word_1_327' title='bbox 258 3789 451 3868; x_wconf 88' lang='lat' dir='ltr'><strong>reprimenda,</strong></span> <span class='ocrx_word' id='word_1_328' title='bbox 472 3790 693 3870; x_wconf 81' lang='lat' dir='ltr'><strong>baptismi-vero</strong></span> <span class='ocrx_word' id='word_1_329' title='bbox 712 3793 832 3869; x_wconf 89' lang='lat' dir='ltr'><strong>gratiam</strong></span> <span class='ocrx_word' id='word_1_330' title='bbox 844 3787 1036 3866; x_wconf 88' lang='lat' dir='ltr'><strong>largiendam,</strong></span> <span class='ocrx_word' id='word_1_331' title='bbox 1058 3791 1112 3847; x_wconf 90' lang='lat' dir='ltr'><strong>ini·</strong></span> 
     </span>
     <span class='ocr_line' id='line_1_42' title="bbox 125 3874 1185 3957; baseline 0 -25"><span class='ocrx_word' id='word_1_332' title='bbox 125 3874 216 3932; x_wconf 85' lang='lat' dir='ltr'><strong>micas</strong></span> <span class='ocrx_word' id='word_1_333' title='bbox 233 3892 272 3935; x_wconf 81' lang='lat' dir='ltr'><strong>ex</strong></span> <span class='ocrx_word' id='word_1_334' title='bbox 297 3874 340 3935; x_wconf 89' lang='lat' dir='ltr'><strong>bis</strong></span> <span class='ocrx_word' id='word_1_335' title='bbox 367 3896 439 3957; x_wconf 91' lang='lat' dir='ltr'><strong>quae</strong></span> <span class='ocrx_word' id='word_1_336' title='bbox 458 3875 608 3957; x_wconf 80' lang='lat' dir='ltr'><strong>praedicta</strong></span> <span class='ocrx_word' id='word_1_337' title='bbox 626 3878 748 3954; x_wconf 43' lang='lat' dir='ltr'><strong>‚lucrant</strong></span> <span class='ocrx_word' id='word_1_338' title='bbox 764 3874 866 3937; x_wconf 86' lang='lat' dir='ltr'><strong>adesse</strong></span> <span class='ocrx_word' id='word_1_339' title='bbox 890 3882 1000 3953; x_wconf 86' lang='lat' dir='ltr'><strong>tempus</strong></span> <span class='ocrx_word' id='word_1_340' title='bbox 1026 3875 1112 3935; x_wconf 82' lang='lat' dir='ltr'><strong>iutel—</strong></span> <span class='ocrx_word' id='word_1_341' title='bbox 1182 3920 1185 3924; x_wconf 26' lang='lat' dir='ltr'><strong><em>J</em></strong></span> 
     </span>
    </p>
   </div>
   <div class='ocr_carea' id='block_1_2' title="bbox 0 0 1322 4400">
    <p class='ocr_par' dir='ltr' id='par_1_5' title="bbox 0 0 1322 4400">
     <span class='ocr_line' id='line_1_43' title="bbox 0 0 1322 4400; baseline 0 2"><span class='ocrx_word' id='word_1_342' title='bbox 0 0 1322 4400; x_wconf 95' lang='lat' dir='ltr'><strong> </strong></span> 
     </span>
    </p>
   </div>
  </div>
 </body>
</html>
