2634 4400
514 357 732 390 e-———-—-

54 499 61 510 ·
133 483 190 548 quc
210 468 292 527 uobis
310 478 395 547 pater
413 479 443 526 ct
461 467 596 527 conditor
613 469 717 542 luerat,
739 484 886 532 rectumne
906 485 983 545 crat,
1012 473 1115 532 relicto

133 555 255 632 proprio
283 555 405 612 transire
433 550 468 611 ud
496 554 637 612 alicuum'l
665 555 702 612 Et
727 557 846 635 Aquilae
880 516 983 628 disin,
1012 559 1113 637 iuquit.

130 639 203 696 Tum
223 637 340 696 Petrus.
362 635 510 710 Quomodo
530 657 601 715 ergo
621 637 748 699 dicemus
775 644 927 718 ruralignum
950 661 1014 702 esse
1034 662 1116 702 cous·

131 743 193 780 sam
212 724 324 800 pcccati
342 724 444 792 nostri,
466 742 528 780 cum
548 723 602 781 hoe
620 727 761 801 permissu
779 725 825 784 dei
845 728 904 798 tat,
925 737 955 786 ut
964 745 1018 807 per
1027 747 1115 805 ipsum

132 806 294 886 probentur
316 816 347 865 et
365 808 392 865 iu
412 805 458 864 die
477 805 574 865 iudicii
593 821 750 885 arguantur
767 811 796 868 hi
816 813 862 889 qui
881 770 1035 871 rdeioribus
1052 812 1116 889 pol·

132 891 339 950 licitationibus
357 892 478 960 invitati,
499 893 561 950 veri
578 895 669 970 patris
696 905 726 952 et
753 895 911 954 conditoris
929 898 972 955 sui
991 896 1116 974 relique·

132 977 192 1036 rint
210 976 356 1056 pietatem,
377 977 405 1034 bi
424 995 494 1033 vero
514 978 560 1058 qui
580 976 664 1035 iidem
683 989 713 1036 et
732 973 880 1038 caritatem
891 975 1113 1059 proprii'pntris‚

132 1063 220 1118 ctiam
240 1080 302 1118 curu
322 1059 502 1138 paupertate,
523 1059 708 1133 escenderit,
730 1069 761 1122 cl
777 1084 840 1122 cum
859 1065 1043 1124 tubulatione
1053 1083 1116 1123 ser
1204 1137 1209 1142 .

131 1146 280 1216 auxerint,
310 1144 393 1202 donis
416 1145 616 1204 coelestibus
609 1167 636 1204 ru
656 1167 748 1224 regno
767 1149 828 1207 eius
855 1159 886 1208 et
911 1148 1115 1207 immortalibus

132 1229 297 1288 muneribus
315 1230 516 1308 perfruantur?
535 1229 595 1288 Sed
613 1229 685 1288 hacc
703 1231 773 1290 alins
800 1231 964 1310 diligentius
987 1253 1116 1332 expone·

132 1334 207 1372 nnus.
255 1312 327 1390 Quid
346 1323 439 1390 autem
459 1313 557 1372 Simon
577 1316 672 1392 egerit
690 1316 856 1392 posthaec,
876 1319 953 1376 seire
972 1319 1069 1396 cupio
1139 1339 1142 1343 ·

179 1396 232 1457 te.
278 1397 316 1457 Et
342 1383 447 1456 Niceta
474 1397 638 1476 respoudit:
670 1399 722 1458 Ubi
746 1402 923 1460 intellexisse
941 1421 1006 1462 cum
1024 1404 1115 1474 scusi·

132 1493 205 1554 inus,
227 1482 302 1561 quod
321 1481 516 1560 deprehensus
534 1493 612 1541 esset
637 1503 655 1541 a
681 1483 774 1555 uobis,
795 1485 978 1564 colloquuti
969 1497 1046 1546 tuter
1063 1506 1116 1545 uos
1210 1499 1217 1510 '

132 1567 170 1628 dc
190 1567 348 1626 sceleribus
367 1569 428 1626 eius
447 1567 611 1646 rehquimus
630 1587 693 1626 eum
717 1568 800 1627 etad
827 1569 1007 1647 Zacchaeum
1034 1571 1115 1629 reoi-

131 1673 205 1724 mus‚
227 1653 298 1711 boec
317 1653 383 1730 ipsa
397 1653 435 1722 ei,
456 1671 529 1730 quae
549 1663 579 1711 et
596 1651 920 1732 tibinuucprotulimus,
941 1652 1112 1714 indicantes.

130 1738 174 1796 Αῑ
199 1737 247 1796 ille
274 1736 477 1814 benignissime
496 1757 549 1795 nos
567 1738 738 1816 suscipiens,
760 1738 843 1798 etde
862 1738 919 1798 lide
938 1736 1045 1797 domini
1063 1759 1115 1797 no·

132 1823 185 1880 stri
205 1821 269 1880 lesu
288 1821 393 1880 Christi
412 1819 550 1893 edocens,
572 1821 696 1881 fidelium
714 1840 833 1882 numero
851 1824 983 1883 sociavit
1031 1822 1115 1882 Cum·

133 1925 189 1986 que
209 1906 279 1966 hoco
299 1905 404 1964 Niceta
424 1905 557 1976 dixisset,
577 1895 747 1966 Zacchaeus
764 1910 813 1987 qui
831 1909 916 1986 paulo
934 1919 1001 1968 ante
1013 1928 1115 1986 egres·

132 2013 181 2050 sus
198 1992 304 2061 fuerat,
325 1989 541 2068 ingrediebatur
564 1981 679 2051 dicensi
707 1992 830 2071 Tempus
849 2003 904 2064 est,
924 2004 955 2052 ut
970 1992 1115 2093 procedas

131 2074 170 2146 ud
189 2073 396 2154 disputandum,
427 2075 529 2154 Petre3
559 2077 642 2136 turba
669 2077 743 2135 enirn
771 2079 883 2136 multa
875 2099 903 2136 m
922 2080 997 2137 atrio
1015 2075 1114 2138 domus

132 2171 312 2239 congregata
339 2171 368 2220 te
391 2121 554 2241 opperitdr,
585 2181 703 2241 quoru-m
731 2163 759 2220 in
787 2161 881 2222 medio
908 2162 1002 2222 multis
1028 2163 1114 2223 tultus

132 2246 252 2316 asseclis
280 2247 411 2305 consistit
438 2245 548 2305 Simon.
603 2247 673 2305 Tum
701 2246 803 2306 Petrus
838 2258 869 2305 ut
895 2248 967 2307 baec
994 2246 1111 2318 audivit,

132 2331 273 2389 orationis
292 2332 385 2407 gratia
404 2328 545 2389 secedere
563 2350 608 2389 me
635 2318 759 2402 lubens‚'
778 2323 913 2404 (noudum
932 2333 1007 2391 enim
1035 2350 1113 2391 eram
1146 2328 1150 2337 “

132 2414 236 2474 dilutus
254 2435 271 2473 a
289 2416 429 2493 peccatis,
459 2434 530 2493 quae
557 2416 585 2473 iu
605 2416 767 2493 ignorantia
786 2416 996 2486 commiseram)
1020 2417 1061 2474 ait
1077 2414 1114 2485 ad

131 2500 274 2579 reliquosr
296 2499 415 2559 Oremus
434 2500 548 2576 iratres,
568 2511 600 2558 ut
618 2497 689 2558 deus
706 2518 759 2578 per
785 2500 926 2558 Christum
954 2519 1032 2560 suum
1060 2520 1114 2578 pro

131 2584 270 2643 ineffabili
290 2583 488 2643 misericordia
505 2604 556 2643 sua
574 2583 690 2643 adiuvet
713 2604 760 2643 mc
779 2596 932 2644 exeuntem
950 2603 1009 2684 pro
1022 2586 1113 2644 salute

131 2658 286 2739 hominurn,
308 2670 354 2747 qui
372 2669 489 2747 abipso
509 2670 599 2729 creati
618 2680 694 2728 sunt.
741 2664 778 2727 m
804 2670 876 2728 baec
899 2688 962 2729 cum
981 2660 1111 2740 dixisset,

132 2754 264 2811 oratione
291 2754 369 2812 facta
400 2754 542 2833 processit
570 2751 607 2812 ad
633 2755 735 2812 atrium
764 2752 915 2825 domus,
907 2776 935 2813 m
967 2774 1024 2833 quo
1051 2765 1114 2813 erut

131 2836 280 2897 mtrltitudo
299 2837 396 2917 populi
415 2839 535 2917 plurima
554 2848 751 2916 congregem
772 2860 842 2917 quos
861 2839 908 2897 ubi
926 2859 1025 2899 omnes
1039 2860 1114 2899 suur-

131 2942 178 2981 ιιιο
198 2923 311 2980 silcutio
329 2921 366 2980 ad
383 2942 414 2981 se
434 2924 559 2981 intentos
577 2922 657 2993 vidit,
677 2933 709 2981 et
726 2944 836 3001 magum
847 2923 1019 2983 Simonem
1011 2945 1040 2981 ιιι
1053 2942 1113 2983 me-

132 2996 180 3064 dio
200 3025 297 3065 corum
317 3007 394 3064 uelut
411 3007 578 3083 signiferum
597 3018 730 3077 stantem,
751 3008 806 3065 boe
825 3007 911 3066 niodo
930 3009 1047 3086 coepit.

173 3089 230 3149 ⁰0.
278 3077 337 3147 Pax
354 3086 630 3159 nobissitomolbus‚
643 3091 689 3169 qui
700 3094 871 3169 paratiestis
889 3090 1025 3151 dexteras
1043 3089 1113 3161 dare

130 3174 267 3245 ueritati3
290 3173 449 3271 quicunque
469 3176 543 3231 euim
563 3174 744 3232 obediunt'
718 3194 757 3243 er,
778 3174 910 3233 uidentur
927 3173 1040 3253 quidem
1059 3174 1114 3233 sibi

130 3249 237 3357 aliquid
256 3259 366 3336 gratiae
386 3252 521 3317 conferre
541 3257 607 3329 deo,
626 3278 715 3357 porro
733 3270 827 3317 autem
845 3260 900 3337 ipsu
892 3257 1113 3318 abeodonum

131 3344 232 3403 summi
251 3343 376 3401 muneris
395 3354 608 3441 consequuntur
626 3343 750 3402 iustitiae
769 3343 831 3401 eius
849 3332 957 3403 semitis
976 3342 1113 3404 inceden-

132 3440 187 3487 tes.
235 3427 359 3526 Propter
377 3424 452 3505 quod
470 3429 589 3506 primuni
609 3439 654 3487 est
672 3428 806 3499 omniumr
826 3430 961 3489 iustitiam
980 3429 1026 3490 dei
1045 3444 1114 3507 reg·

132 3533 253 3591 numque
273 3514 333 3571 eius
351 3513 512 3591 inquirer03
533 3515 666 3572 iustitiam
686 3511 798 3591 quidem
817 3524 849 3573 ut
865 3524 947 3573 recte
962 3506 1112 3591 egeredu-

133 3617 258 3669 cenmur,
279 3616 398 3675 reguum
417 3618 498 3669 tero,
519 3609 550 3656 ut
568 3618 639 3677 quae
658 3600 696 3657 sit
714 3617 825 3657 merces
843 3600 937 3677 posita
954 3599 1061 3658 laboris
1082 3609 1113 3659 et

153 3683 287 3740 utieutiae
315 3683 487 3755 noverimus,
508 3684 536 3742 i'u
556 3704 610 3762 quo
634 3693 680 3742 est
697 3683 780 3741 bouis
799 3683 911 3762 quidem
928 3693 1112 3743 aeternorum

133 3702 271 3824 bonorum
281 3768 486 3838 remuneratio,
508 3768 666 3839 bisantem,
688 3770 734 3846 qui
754 3779 855 3826 contra
872 3767 1045 3827 voluntatem
1065 3764 1112 3827 dei

133 3851 265 3927 egerint,
295 3864 346 3929 pro
366 3853 582 3931 uniuscuiusque
602 3854 692 3929 gestis
709 3862 864 3931 poenarum
892 3849 978 3929 digna
996 3852 1112 3912 restitu-
