2634 4400
589 307 709 400 ros,

125 513 293 571 locomvisi
311 521 376 570 sunt
395 511 500 570 hahere
521 514 679 592 certamen,
700 524 813 592 etpost
831 515 902 573 haec
922 518 1047 574 confessi
1072 515 1108 574 de

124 617 158 656 se
178 616 296 655 cessere
315 593 445 655 meliori,
485 595 631 655 inducitur
649 617 721 674 ergo
741 599 825 676 plaga
843 601 951 670 ultima,
976 602 1108 659 interitus

124 683 343 761 primitivorum,
365 692 394 739 et
411 692 478 738 tunc
498 681 613 759 Moyses
632 682 746 740 iubetur
760 685 891 761 populum
902 687 1108 763 conspersione

125 768 273 844 sanguinis
293 785 479 836 consecrare,
501 777 585 844 atque
604 768 643 824 ita
670 787 772 844 magna
800 787 862 825 cum
890 788 979 847 prece
1006 769 1109 828 oblatis

126 853 213 910 etiam
231 851 407 920 muneribus,
429 871 490 908 cum
510 851 616 928 populo
635 863 755 928 rogatur
773 852 943 911 abscedere.
1182 921 1185 931 Ι

169 934 225 994 56.
273 934 365 994 Simili
385 955 456 1012 ergo
475 935 664 994 modoetiam
682 956 756 994 nunc
775 956 828 1014 per
845 957 889 996 me
916 936 1001 996 rideo
1029 940 1103 1014 geri.

126 1020 211 1079 Sicut
229 1021 302 1078 enim
323 1031 389 1077 tunc
408 1019 510 1098 Moyse
533 1020 666 1078 hortante
694 1038 792 1099 regem
821 1033 852 1079 nt
879 1021 1015 1086 crederet
1037 1022 1107 1093 deo,

127 1104 306 1164 obsistebant
324 1105 397 1181 magi
417 1106 497 1182 quasi
516 1106 711 1164 ostentatione
735 1108 864 1164 similium
891 1108 1049 1184 signorum,
1080 1119 1109 1166 et

126 1211 143 1249 a
163 1190 254 1248 salute
272 1189 437 1248 incredulos
456 1189 656 1268 prohibebant,
677 1191 715 1248 ita
735 1202 765 1248 et
782 1211 856 1249 nunc
875 1212 937 1249 cum
957 1213 1014 1268 ego
1029 1194 1109 1250 enie-

125 1277 181 1333 rim
201 1273 308 1333 docere
328 1293 426 1332 omnes
445 1285 548 1351 gentes
567 1286 598 1332 ut
616 1273 737 1332 credant
753 1296 823 1334 vero
844 1274 910 1347 deo,
933 1275 1031 1334 Simon
1051 1298 1109 1335 ma-

126 1379 180 1437 gus
199 1360 308 1418 resistit
326 1359 425 1416 eadem
444 1365 534 1436 agens
553 1358 704 1417 adversum
731 1379 788 1431 me,
818 1380 890 1438 qnae
918 1373 948 1418 et
973 1363 1014 1419 illi
1041 1373 1108 1420 tunc

126 1454 252 1522 egerunt
268 1442 416 1502 adversum
435 1442 569 1522 Moysen,
591 1454 621 1502 ut
639 1445 663 1501 si
683 1445 729 1520 qni
747 1456 812 1502 sunt
830 1463 867 1502 ex
885 1445 1032 1522 gentihus,
1062 1448 1110 1523 qni

125 1550 184 1587 non
204 1537 285 1587 recto
304 1527 411 1586 iudicio
430 1539 557 1598 utuntur,
578 1539 747 1605 appareant,
768 1529 914 1587 salventur
939 1541 1034 1587 autem
1062 1532 1110 1608 qui

126 1615 272 1688 signorum
292 1625 401 1670 rectum
421 1612 572 1672 discrimen
585 1612 745 1672 habuerint.
793 1613 871 1670 llaec
883 1612 997 1672 dicente
1008 1613 1106 1685 Petro,

125 1697 233 1756 Niceta
251 1695 414 1774 respondit:
436 1697 565 1755 Obsecro
584 1708 625 1769 te,
646 1709 676 1756 nt
694 1699 718 1756 si
736 1696 802 1775 qnid
821 1697 1040 1756 admemoriam
1059 1719 1108 1757 vc-

125 1784 180 1851 nit,
201 1783 348 1859 permittas
367 1782 432 1839 mibi
452 1784 597 1860 prolerre.
641 1783 712 1841 Tum
731 1782 832 1840 Petrus
852 1782 1110 1863 delectatussuper

125 1866 222 1926 stndio
242 1865 459 1944 discipulorum:
480 1865 545 1938 llic,
566 1869 667 1944 inquit,
688 1867 834 1947 quodvis.

36 1948 38 1956 ’
169 1950 226 2009 57.
274 1951 309 2008 Et
328 1950 433 2008 Niccta
451 1953 506 2009 ait:
528 1950 602 2024 Quid
628 1971 790 2031 peccavere
817 1951 975 2032 Aegyptii,
1004 1955 1028 2011 si
1052 1974 1108 2011 non
1151 1968 1153 1979 ¹

108 2034 314 2094 'crediderunt
340 2035 454 2114 Moysi,
485 2056 547 2094 cum
574 2047 605 2094 et
631 2039 706 2115 magi
732 2039 836 2096 similia
862 2040 944 2114 signa
971 2039 1106 2108 iecerint,

126 2121 240 2178 etiamsi
259 2119 425 2178 viderentur
443 2123 535 2199 potius
555 2122 618 2180 lieri
637 2143 719 2202 qnam
747 2124 869 2180 veritate
887 2124 1008 2181 lierentl
1035 2121 1107 2180 Nam

127 2208 201 2264 etsi
221 2225 276 2282 ego
297 2206 412 2264 fuissem
431 2218 510 2277 tunc,
532 2226 568 2265 en
587 2226 623 2265 co
642 2207 718 2285 qnod
736 2209 812 2283 magi
830 2209 932 2265 similia
951 2207 1105 2277 faciehant,

127 2309 223 2349 nonne
243 2302 291 2348 aut
308 2290 429 2369 Moysen
457 2311 568 2367 magum
596 2291 804 2361 credidissem,
834 2301 883 2347 aut
909 2310 1008 2366 magos
1035 2310 1108 2367 quae

128 2374 329 2446 ostendebant,
352 2375 484 2433 divinitus
503 2376 601 2433 locere
620 2379 784 2452 putassem?
811 2375 876 2452 quia
894 2395 950 2432 non
968 2375 1036 2431 mibi
1058 2394 1108 2433 vc-

127 2460 247 2519 risirnile
265 2458 423 2531 rideretur,
445 2460 514 2517 licet
532 2479 585 2536 per
602 2460 790 2536 phantasiam,
810 2456 910 2517 eadem
925 2469 1018 2516 tamen
1030 2460 1108 2517 ellici

127 2566 144 2602 a
164 2545 253 2621 magis
272 2564 370 2622 posse,
391 2563 463 2622 quae
483 2544 530 2601 ille
549 2545 595 2623 qui
614 2564 631 2601 a
650 2543 705 2602 deo
724 2546 891 2614 missusest,
911 2542 1105 2621 perpetrabat.

127 2629 166 2687 Et
183 2650 257 2687 nunc
276 2650 347 2706 ergo
367 2628 433 2709 quid
451 2638 574 2706 peccant
592 2629 619 2686 bi
639 2629 685 2706 qui
705 2628 814 2687 Simoni
833 2626 965 2699 credunt,
986 2647 1049 2686 cum
1066 2630 1109 2686 vi·

128 2714 216 2773 deant
234 2734 296 2772 cum
316 2726 394 2772 tanta
412 2716 511 2772 iacere
531 2713 689 2771 mirabilia?
708 2713 765 2771 Aut
784 2733 840 2771 non
859 2724 904 2771 est
913 2712 1042 2772 mirabile
1056 2732 1110 2790 per

128 2803 226 2859 a'efrenr
246 2800 356 2870 volare,
376 2800 435 2875 igni
464 2796 727 2859 admixtumaunnm
756 2818 859 2877 corpus
887 2798 979 2868 effici,
1009 2799 1108 2855 lacere

127 2894 237 2942 statuas
264 2882 388 2960 ingredi,
418 2903 505 2941 canes
532 2902 636 2941 aereos
664 2884 781 2954 latrare,
811 2883 913 2942 atalia
931 2884 975 2941 his
994 2883 1107 2953 similia,

128 2987 204 3047 quae
222 2969 319 3045 utiquc
338 2966 541 3026 discretionem
561 2968 756 3026 nescientibus
774 2969 844 3026 satis
859 2968 928 3025 mira
947 2972 1030 3025 sunt?
1049 2966 1109 3025 Sed

127 3064 160 3111 et
178 3052 214 3111 de
234 3048 373 3131 lapidibus
391 3054 467 3109 visus
488 3062 532 3109 est
550 3070 639 3130 panes
657 3052 768 3109 lacere.
815 3050 897 3123 Quod
915 3052 939 3109 si
948 3063 1052 3130 peccat
1062 3053 1109 3128 qui

127 3138 213 3214 signa
231 3134 403 3193 facientibus
422 3134 525 3205 credit,
546 3134 689 3213 quomodo
717 3156 774 3193 non
801 3154 939 3212 peccasse
966 3133 1110 3193 videbitur

128 3232 161 3280 et
179 3223 215 3290 is,
236 3220 282 3297 qui
301 3218 415 3277 domino
435 3230 533 3277 nostro
552 3240 605 3297 pro
624 3220 714 3297 signis
732 3231 762 3278 et
779 3218 928 3277 virtutihus
948 3217 1088 3277 credidit?

172 3304 228 3363 58.
274 3303 312 3361 Et
330 3303 431 3363 Petrus
449 3305 504 3362 ait:
525 3304 665 3363 Libenter
681 3306 794 3382 accipio
823 3302 897 3382 quod
925 3302 961 3361 de
987 3304 1109 3362 veritate

129 3389 167 3449 ad
185 3390 316 3447 amussim
335 3390 470 3467 requiris,
492 3400 521 3447 ct
539 3388 742 3466 impedimenta
760 3388 826 3447 lidei
846 3390 873 3445 in
897 3390 989 3446 anima
1007 3400 1055 3447 tua
1069 3390 1110 3447 la·

128 3487 194 3532 tere
213 3495 269 3531 non
288 3476 406 3552 pateris.
457 3472 535 3532 Unde
554 3485 585 3532 et
603 3473 741 3533 medelam
761 3474 897 3551 consequi
917 3474 1117 3551 iacilcpotes:

129 3558 285 3620 Meministi
304 3558 378 3637 quod
398 3560 479 3636 peius
498 3552 619 3617 ornnium
639 3578 704 3617 esse
723 3558 793 3630 dini,
814 3578 876 3617 cunr
900 3561 961 3635 quis
989 3559 1111 3634 negligit

129 3642 206 3721 qnod
225 3643 279 3701 sibi
298 3642 414 3721 expedit
433 3642 565 3702 disceret
593 3642 629 3701 Et
655 3642 761 3703 Niceta
788 3642 950 3721 respondit:
979 3642 1107 3699 Memini.

131 3728 253 3785 Petrus:
274 3727 311 3785 Et
328 3748 438 3786 rursum
457 3726 530 3805 qnod
550 3726 621 3785 deus
640 3729 794 3787 occultavit
812 3729 960 3785 veritatem
970 3746 1060 3795 snam,
1080 3738 1111 3783 nt

132 3832 193 3869 eaor
213 3811 256 3869 his
276 3814 372 3889 quise
392 3812 516 3871 lidclitcr
534 3822 692 3880 sectantur,
712 3814 842 3889 aperiat?
869 3810 906 3867 Et
923 3810 1043 3868 Niceta:
1065 3809 1110 3867 Ne

132 3897 188 3954 hoc
207 3895 318 3973 quidem
339 3898 443 3955 oblitus
461 3918 531 3957 sum.
576 3896 645 3955 Tum
670 3896 787 3955 Petrus:
817 3893 890 3968 Quid
917 3914 988 3971 ergo
1015 3905 1108 3973 putas,
