2634 4400
649 247 714 310 llil)

574 347 607 354 aa..
617 347 740 354 -Μ-
747 347 768 354 ..

193 463 236 521 bis
255 463 301 538 qiu
320 459 490 535 ignorabant
508 475 570 516 enin
590 455 928 525 ducerenuadcuuoem
949 456 1051 512 eruebat
1064 450 1174 534 palectu

192 530 496 626 pro'interlectoriltus
523 531 581 600 suis
609 540 639 599 el
666 529 797 598 dicebat:
813 540 841 611 ί)
874 529 961 598 l’utcr
988 542 1102 600 remitte
1130 543 1175 599 eis

192 641 356 710 peccatum,
385 629 517 686 nesciunt
544 627 618 686 euim
646 625 712 704 qnid
730 626 849 684 iaciunt.
896 625 1042 684 lmilattlcs
1061 643 1175 704 qnoque

193 715 325 792 discipuli
343 715 520 790 magistrum,
550 713 635 770 etiam
662 712 717 788 ipsi
744 728 807 768 enm
834 712 1014 788 paterentur,
1043 713 1176 769 similiter

193 821 244 879 pro
264 795 499 860 interlectoribus
518 799 576 860 suis
595 795 726 854 orabunt.
774 794 856 870 Quod
874 797 898 853 si
918 795 1068 874 disciplina
1090 797 1175 854 nobis

189 881 248 955 est,
271 903 355 942 orare
375 873 458 940 etlam
479 893 531 960 pru
551 875 785 940 interlectorlbus
803 884 834 938 et
860 881 1095 958 persecutoribus
1122 901 1176 938 uo-

194 972 270 1038 stris,
292 967 434 1046 quomodo
453 985 509 1024 nou
529 968 613 1024 etium
632 976 781 1042 parentum
800 976 830 1023 et
856 968 1081 1045 propinquorum
1108 984 1177 1044 per-

194 1055 362 1112 secutiones
376 1055 468 1120 ferre,
488 1063 517 1108 et
535 1071 588 1128 pro
607 1049 798 1108 conversione
813 1066 911 1108 eorum
923 1069 1009 1108 orare
1018 1051 1176 1109 debemus?

236 1136 269 1200 6.
315 1137 384 1194 Tum
412 1131 516 1194 deinde
544 1136 628 1194 etium
656 1132 723 1192 illud
752 1133 919 1216 diligentius
945 1135 1174 1207 consideremus,

191 1239 267 1300 quae
286 1213 323 1278 s'lt
341 1219 422 1277 nobis
441 1223 542 1278 'canusso
560 1230 697 1296 parantes
715 1210 864 1297 diligendi.
912 1219 969 1278 Pro
989 1239 1040 1292 eo,
1071 1221 1174 1298 iuquit,

196 1305 272 1384 quod
289 1306 365 1362 tilae
393 1315 509 1362 nostrae
536 1302 670 1362 videntur
695 1312 842 1364 auctores.
889 1302 1034 1364 ductores
1062 1305 1176 1384 quidem

194 1385 270 1450 vitee
289 1399 404 1448 nostroe
423 1400 558 1468 parentes
578 1410 633 1447 non
652 1400 727 1460 sunt,
748 1388 800 1448 se'd
818 1390 956 1464 ministri3
976 1409 1033 1448 non
1049 1392 1178 1448 enimvi-

195 1487 251 1534 tam
269 1473 419 1552 praebent,
441 1473 492 1532 sed
502 1470 685 1549 ingrediendi
696 1474 778 1532 nobls
796 1472 833 1532 ad
851 1475 1027 1534 banc-vitam
1039 1475 1179 1534 exhibent

195 1555 392 1628 ministerium,
413 1569 515 1616 eluctor
532 1565 626 1616 antem
644 1561 721 1617 vitae
738 1574 810 1616 nous
828 1571 863 1617 etv
876 1561 953 1618 solus·
971 1571 1015 1619 est
1033 1560 1114 1619 dens.
1145 1560 1179 1618 Si

196 1657 268 1723 ergo
287 1656 432 1702 auctorem
451 1644 526 1702 vitae
546 1641 668 1720 diligere
687 1643 870 1714 voluerimus,
898 1646 975 1703 illum
1002 1645 1085 1703 nobis
1102 1646 1179 1703 scia-

196 1751 257 1790 mus
276 1747 342 1787 esso
360 1725 544 1810 diligendum.
601 1723 661 1786 Sed
679 1729 771 1809 illum,
791 1729 898 1811 inquit,
919 1748 1100 1812 cognoscere
1119 1751 1178 1788 nou

196 1813 351 1894 potuimus,
371 1812 441 1870 lstos
460 1821 553 1871 antem
573 1821 602 1870 et
628 1810 756 1872 novlmus
783 1820 814 1870 et
839 1809 868 1870 in
895 1814 1000 1872 affeetu
1027 1813 1176 1880 babemus,

130 1893 139 1898 ’
196 1899 279 1968 Esto,
300 1916 357 1954 uon
375 1895 503 1974 potueris
523 1915 704 1973 cognoscere
715 1897 791 1976 ¹qnid
809 1895 847 1955 sit
873 1894 960 1969 dens,
989 1899 1056 1976 qnid
1082 1908 1179 1958 tamen

198 2003 254 2042 nou
274 1983 311 2038 sit
330 1981 399 2038 deus
417 1982 557 2068 perfacile
576 1981 652 2040 scire
671 1980 800 2060 potuisti,
846 1981 1072 2066 Numqnbruodo
1084 1984 1180 2045 latere

197 2068 290 2146 potuit
307 2064 449 2124 hominem
468 2059 544 2144 quod
561 2061 681 2144 liguum,
709 2077 759 2125 aut
785 2058 867 2145 lapis,
897 2077 947 2126 aut
963 2086 1025 2139 aes,
1050 2068 1096 2128 vel
1122 2070 1180 2129 alla

196 2149 356 2213 huiusmodi
374 2153 496 2211 materia
512 2150 582 2211 dens
600 2169 657 2211 non
676 2151 731 2212 sit‘t
755 2151 864 2225 Quodsi
881 2154 910 2210 iu
929 2151 973 2212 bis
992 2172 1064 2233 quae
1091 2156 1181 2215 focile

198 2234 417 2318 deprehendere
436 2238 579 2316 potuistis,
600 2240 722 2297 anlmum
748 2238 786 2297 ad
812 2237 1020 2298 discutiendnm
1047 2241 1178 2300 noluistis

197 2321 360 2394 intendere,
381 2334 490 2385 eertum
509 2335 555 2385 est
573 2326 637 2403 quia
655 2326 684 2384 in
703 2324 850 2401 agnitione
878 2322 925 2381 dei
952 2324 1081 2401 impediti
1108 2329 1181 2385 estis

198 2428 254 2467 nou
273 2401 508 2486 impossibilitatis
517 2400 569 2468 sed
580 2407 713 2486 ignaviae
722 2410 804 2479 vitio,
824 2423 889 2467 nam
907 2412 932 2467 si
945 2408 1119 2479 voluissetis,
1141 2428 1180 2469 ex

196 2495 240 2553 bis
259 2496 327 2572 ipsis
346 2492 490 2551 inutilibus
513 2488 671 2559 simulacris
696 2494 831 2574 prolecto
858 2494 1046 2574 accepissetls
1073 2496 1180 2557 intelli,
1277 2512 1282 2521 ·

198 2580 314 2655 gertine
331 2580 418 2636 viam.
650 2636 656 2650 ,
700 2577 702 2580 ’
830 2588 833 2593 ’
1074 2654 1078 2659 ι

241 2662 273 2721 7.
321 2663 436 2721 Certum
455 2674 499 2719 cst
518 2664 591 2721 enim
611 2665 677 2743 qnia
694 2682 748 2743 per
770 2666 877 2723 ferrum
903 2661 982 2724 iacta
1000 2676 1065 2723 snut
1091 2666 1178 2724 simu-

197 2747 287 2818 lacra,
308 2749 494 2805 ferrumvero
513 2750 679 2827 perignem
698 2749 860 2807 coniectum
879 2760 935 2820 cst,
956 2751 1002 2827 qui
1021 2752 1181 2828 ignisaqna

198 2832 385 2908 extinguitur,
406 2852 478 2909 aqua
497 2844 590 2891 autern
609 2834 810 2913 perspiritum
828 2843 974 2905 novetur,
995 2836 1111 2913 spiritus
1130 2855 1181 2893 au÷

198 2926 255 2973 tem
274 2934 291 2973 a
309 2910 364 2973 deo
383 2916 490 2975 initium
510 2915 606 2977 babet.
654 2918 709 2977 siu·
724 2917 798 2976 enlm
816 2916 887 2977 dicit
911 2918 1030 2998 Moyses
1056 2918 1182 2997 prophan

197 3010 243 3057 ta:
276 3002 303 3073 2)
316 2998 347 3058 ln
365 3002 505 3079 principio
524 3004 595 3061 fecit
613 2999 684 3063 deus
703 3003 815 3061 eoelum
834 3013 864 3061 et
880 3012 1002 3072 terram,
1031 3013 1111 3063 terra
1128 3024 1179 3062 ou-

196 3095 254 3145 tem
274 3096 337 3143 erat
355 3086 501 3147 invisibilis
520 3098 550 3146 et
567 3088 767 3167 incomposita,
789 3097 819 3145 et
836 3086 976 3146 tenebrae
994 3098 1078 3146 erant
1092 3104 1180 3167 snper

196 3170 342 3248 abyssum,
363 3182 393 3229 et
410 3173 526 3249 spiritus
546 3172 592 3230 dei
612 3184 675 3232 erat
693 3189 886 3250 superaquas,
912 3167 1181 3251 Quispiritnsinsstt

198 3252 257 3326 dei,
279 3256 357 3333 quasi
371 3256 436 3333 ¹ipsa
455 3255 612 3315 eonditorlu
630 3277 729 3315 manus
747 3258 839 3315 lucem
854 3257 999 3335 separavit
1012 3256 1179 3329 atenebrls,

198 3348 228 3396 ct
245 3350 311 3417 post
329 3336 397 3396 illud
415 3340 556 3399 invisibile
577 3342 687 3399 coelum
706 3340 781 3405 istud
798 3341 911 3401 visibile
924 3337 1071 3420 produxit,
1090 3353 1123 3399 ut
1132 3362 1180 3401 sn·

187 3422 312 3499 'periora
331 3422 443 3500 quidem
462 3422 654 3482 habitaculum
671 3426 783 3483 laceret
800 3427 923 3503 angelis,
943 3425 1082 3485 interiora
1108 3444 1180 3485 vcro

197 3506 367 3565 bominibus.
415 3506 537 3587 Propter
554 3518 584 3565 te
603 3508 741 3586 ergodei
759 3511 848 3580 iussn,
869 3531 942 3589 aqua
961 3530 1034 3589 qnae
1053 3521 1118 3569 erat
1132 3532 1180 3569 su-.

196 3609 250 3669 per
267 3592 369 3649 boeium
390 3602 485 3649 terrae
504 3594 637 3663 secessit,
659 3604 689 3651 ut
707 3604 786 3675 terra
804 3594 856 3653 tibi
870 3594 1046 3673 produceret
1054 3596 1177 3667 fruetus,

198 3677 244 3733 cui
263 3677 347 3734 etiam
366 3676 511 3735 humorum
530 3695 617 3739 uenas
635 3678 761 3736 latenter
778 3676 915 3752 inseruit,
944 3683 981 3747 ut
1001 3680 1053 3749 tibi
1080 3699 1117 3739 ex
1145 3699 1182 3737 ea

237 3853 260 3915 1’)
279 3861 339 3905 lunc.
359 3863 399 3915 23,
420 3863 459 3906 34.
532 3864 556 3919 ²)
577 3840 638 3907 (den.
658 3857 681 3919 l,
702 3868 723 3908 1.
744 3866 765 3909 2.
799 3920 810 3931 ἡ
