2634 4400
640 255 710 326 120

570 345 784 364 Μ

186 453 285 525 morte·
297 461 446 522 damnatis.
493 459 605 521 invenit
621 470 717 520 umen
735 469 765 519 ot
782 460 859 518 inter
876 458 955 538 ipsos
972 479 1057 520 uum
1081 461 1175 539 quea-

187 547 250 608 dam
269 568 332 608 oum
350 546 434 605 domo
452 563 503 606 sua
520 545 634 616 iustum,
655 564 739 623 quem
765 555 931 603 reservaret
956 557 1116 623 praecepto
1141 547 1173 603 ei

188 632 269 704 dato,
289 641 320 691 ut
337 630 494 691 fabricaret
511 647 607 688 arcam
625 639 656 690 st
673 629 702 686 ln
720 645 767 699 ea,
788 647 852 686 eum
871 626 977 686 dilutio
996 641 1102 687 cuncta
1119 648 1174 687 ne·

188 727 333 798 canentur,
353 717 415 806 ipsc
437 733 500 778 oum
526 713 570 772 lris
598 711 698 798 quilius
724 723 908 791 praeceptum
936 713 1043 782 luerat,
1072 724 1175 792 posset

186 800 328 872 evadere,
357 819 412 878 quo
434 799 528 879 lmpiis
555 796 741 856 inundatione
766 815 902 874 aquarum
929 799 1066 875 peremtis
1093 799 1175 877 puri·
1238 855 1253 868 ,

188 886 351 964 ficationem
370 879 488 942 muudus
506 884 666 961 sculperet,
686 891 718 940 et
734 881 760 940 is
777 881 825 958 qui
842 879 881 938 ad
898 883 1099 959 posteritatem
1119 902 1175 959 ge-

187 971 266 1030 neris
283 970 379 1029 fuerat
396 975 570 1038 reservatus,
589 984 643 1045 per
659 984 760 1044 aqua·
777 962 897 1024 mundus
923 965 1061 1038 effectus,
1090 987 1174 1024 mun·

186 1052 250 1119 dum
269 1052 363 1111 denuo
381 1060 541 1129 repararet.

229 1137 284 1196 15.
331 1133 391 1194 Sed
408 1135 457 1194 his
470 1133 599 1194 omnibus
618 1135 708 1212 gostis
725 1153 823 1192 rursus
841 1133 972 1193 lromines
990 1132 1172 1213 adimpleta-

187 1233 244 1281 tem
261 1230 421 1290 vertuntur,
442 1229 473 1278 et
489 1227 609 1298 propter
626 1219 683 1277 hoe
700 1238 718 1276 a
736 1215 792 1276 deo
809 1219 926 1295 ponitur
950 1220 1000 1277 lox
1027 1237 1103 1296 quae
1129 1220 1173 1276 si-

185 1302 401 1372 vendicandum
420 1302 556 1375 doeecet3
577 1302 628 1362 sed
647 1321 786 1382 processu
804 1303 954 1384 temporis,
980 1302 1027 1361 dei
1056 1302 1172 1381 quidem

187 1390 279 1448 oultus
298 1399 328 1450 et
345 1389 452 1448 lustitia
470 1388 506 1447 ab
525 1384 687 1448 infidelibus
705 1397 735 1446 et
752 1387 846 1464 impiis
864 1389 1074 1465 corrumpitur,
1096 1389 1174 1445 sicut

186 1474 280 1555 paullo
299 1483 365 1552 post
381 1474 508 1552 apertius
531 1471 727 1532 ostendemus.
773 1469 937 1529 Perversae.
959 1483 1055 1530 autem
1073 1483 1106 1531 et
1124 1491 1174 1530 er-

186 1560 296 1618 raticae
313 1558 473 1636 religiones
491 1555 720 1626 introducuntur,
741 1554 841 1641 qulbus
860 1574 892 1613 se
910 1556 1031 1635 plurima
1042 1555 1174 1633 parslro·

187 1643 291 1710 minum
309 1661 363 1721 per
380 1643 563 1700 occasionem
582 1642 718 1700 feriarum
736 1649 767 1698 et
784 1639 986 1698 solennitatum
1014 1637 1171 1711 dedemnt,

188 1738 273 1805 potus
290 1729 481 1800 instaurantes
500 1735 530 1785 ct
547 1725 689 1796 convivia,
708 1724 850 1801 tibiasque
867 1743 902 1782 ac
921 1724 1029 1783 listulas
1038 1735 1069 1783 et
1079 1725 1175 1783 eitha-

187 1829 235 1870 ras
262 1830 296 1868 ac
321 1810 434 1870 diversa
452 1827 561 1887 genera
579 1810 750 1868 musicorum
768 1819 925 1879 sectantes,
950 1819 983 1868 et
998 1810 1173 1887 semetipsos

187 1913 241 1984 per
259 1895 352 1956 omnia
370 1896 558 1953 terrulentiae·
571 1911 606 1952 ao
625 1893 754 1952 luxuriae
772 1893 969 1973 propinantes.
1017 1893 1091 1951 ilinc
1111 1913 1174 1951 om-

186 1979 230 2037 nis
248 1997 332 2050 error
349 1977 465 2055 aceepit
482 1977 635 2054 originem,
655 1977 722 2034 hino
740 1978 821 2036 lucos
839 1987 968 2048 stares,
997 1978 1065 2035 lrlnc
1083 1997 1174 2036 coro-

186 2082 238 2121 nas
256 2073 286 2120 ot
303 2061 431 2120 victimas
450 2079 601 2139 reperere,
622 2072 736 2139 etpost
754 2060 923 2121 ebrietatem
941 2063 1024 2139 quasi
1042 2062 1174 2142 lympha·

186 2147 252 2206 tiois
270 2145 393 2206 motibus
411 2146 475 2225 agi3
496 2164 534 2205 ex
551 2146 607 2205 lroo
625 2147 689 2205 iam.
699 2156 830 2225 potestas
846 2145 1004 2205 daemoniis
1032 2145 1100 2205 data
1128 2148 1173 2205 in·

187 2230 340 2310 gradiendi
350 2229 545 2313 huiuscemodi
563 2242 687 2303 mentes,
705 2242 737 2289 ut
755 2230 860 2291 olroros
879 2229 987 2291 ducere
1005 2233 1123 2290 insanos
1141 2242 1174 2291 et

187 2316 304 2377 Bacelro
322 2318 419 2376 lurore
437 2309 620 2389 viderentur3
640 2316 707 2375 hino
726 2316 852 2375 fremore
878 2313 1021 2386 dentibus,
1051 2327 1083 2374 et
1109 2336 1172 2374 mu·

186 2403 251 2479 gire
270 2400 313 2479 de
324 2400 473 2479 profundis
490 2401 650 2461 visceribus
669 2401 825 2470 inventum,
845 2400 911 2458 lriuc
929 2399 1172 2459 terribilisvultus

186 2497 216 2545 ct
234 2487 312 2551 ierus
330 2486 359 2543 in
377 2485 536 2545 hominibus
553 2484 720 2564 adspectus,
740 2494 771 2543 ut
787 2484 913 2561 isqnenr
927 2484 1093 2543 temulentia
1104 2484 1173 2544 suir-

186 2581 367 2629 vcuteratoo
387 2569 507 2629 daemon
525 2570 726 2647 instigaverat,
746 2568 860 2627 numine
878 2568 1007 2646 repletus
1024 2588 1042 2627 a
1060 2568 1173 2649 decep-

187 2656 228 2733 tis
242 2666 272 2713 ot
290 2655 449 2714 errantibus
469 2653 649 2713 crederetur.

205 2736 285 2809 ”11,
334 2737 414 2797 Unde
441 2757 504 2797 cum
531 2748 588 2797 tam
615 2738 721 2797 multae
738 2740 767 2796 lu
786 2737 861 2795 hune
879 2737 1011 2797 mundum
1029 2738 1121 2797 falsae
1141 2750 1173 2798 et

187 2823 331 2882 erraticae
349 2823 507 2899 religiones
526 2834 623 2881 essent
640 2821 833 2893 introductae,
852 2824 931 2881 missi
950 2842 1108 2881 sumusnos
1119 2821 1172 2882 de·

186 2908 315 2965 serentes
333 2904 414 2978 robis
432 2917 564 2989 tanquam
582 2905 651 2963 honi
669 2906 879 2983 negotiatores,
899 2927 917 2964 a
934 2907 1062 2985 patribus
1080 2906 1172 2965 tradi·

186 3002 244 3051 turn
272 3002 302 3050 et
328 3000 527 3050 conservatum
553 2990 616 3050 veri
642 2987 691 3049 dei
717 2992 834 3061 cultum,
863 2992 1043 3068 cuiusquasi
1061 2992 1173 3049 semina

186 3073 324 3155 quaedam
342 3074 423 3134 vobis
441 3076 513 3134 llaec
531 3074 620 3135 verba
637 3077 842 3154 respergimus,
862 3085 893 3133 et
910 3076 1047 3133 investro
1062 3074 1171 3133 iudicio

185 3163 316 3252 ponimus
343 3160 417 3240 quod
445 3171 554 3220 rectum
580 3159 696 3219 videtur
722 3161 844 3237 eligere.
874 3157 906 3216 Si
925 3161 1000 3218 enim
1018 3160 1172 3237 recipiatis

187 3265 258 3323 quae
278 3257 376 3305 nostra
394 3255 469 3317 suut,
491 3266 548 3303 non
565 3245 654 3303 solum
668 3246 727 3325 ipsi
745 3244 925 3302 incursiones
939 3241 1087 3301 daemonis
1098 3244 1172 3322 cll'ua

187 3348 270 3405 gere,
291 3330 342 3389 sed
361 3340 391 3387 ot
409 3349 446 3387 ex
463 3330 526 3387 aliis
545 3348 593 3388 eas
613 3328 904 3405 effugare‘poterltis,
924 3328 1005 3385 simul
1024 3336 1055 3385 et
1072 3337 1172 3387 aeter.

187 3414 442 3475 norum'bouoruur
468 3414 594 3491 praemia
622 3412 847 3489 consequemini.
895 3412 949 3483 Qui
975 3423 1071 3470 autem
1099 3431 1173 3469 eon-

186 3498 336 3555 temsorint
353 3498 486 3574 recipere
506 3515 578 3575 quae
597 3495 732 3560 dicuutur
748 3516 765 3554 a
783 3496 877 3566 nobis,
898 3496 1088 3573 inpraesenti
1107 3497 1172 3573 quia

187 3579 251 3638 dem
270 3582 327 3639 vita
340 3579 466 3646 diversis
484 3579 668 3640 doemonibus
687 3591 717 3639 et
734 3577 943 3657 aegritudinum
970 3581 1047 3638 vitiis
1074 3578 1171 3639 subia-

187 3665 304 3736 cebunt,
324 3675 389 3743 post
404 3683 552 3725 excessum
571 3676 665 3724 sertem
684 3665 815 3752 eorporis
833 3665 920 3722 etiam
937 3665 1050 3721 animae
1069 3682 1170 3722 eornm

187 3749 389 3807 cruciabuntur
407 3749 435 3806 iu
454 3760 633 3827 perpetuum.
680 3748 758 3807 Deus
785 3750 860 3826 enim
879 3767 935 3804 uon
954 3748 1044 3805 solum
1063 3748 1167 3818 honus,

187 3830 239 3890 sed
257 3844 287 3891 et
305 3834 393 3891 iustus
413 3844 472 3904 est,
502 3852 564 3890 nour
584 3833 607 3889 si
626 3851 740 3910 semper
756 3830 846 3889 bouus
864 3832 902 3889 sit
919 3842 949 3889 et
967 3851 1106 3909 uunquam
1126 3834 1170 3890 iu·
