2634 4400
580 291 646 354 aba

507 364 720 405 Lm———e-

119 498 183 561 eius
202 497 305 559 claruit
322 507 352 556 et
371 496 569 575 quiindicinm
597 497 677 556 dedit
704 498 881 560 credulitatis
904 504 977 574 eins,
997 504 1103 583 alioqui

118 583 217 644 multis
236 602 298 641 cam
318 581 418 640 diebus
437 583 591 661 oportebat
608 594 675 643 ante
694 585 794 643 instrui
813 597 844 644 et
861 583 972 647 doceri.
1112 595 1116 603 '

163 666 220 727 55.
267 667 305 726 llt
323 686 391 745 ego,
413 687 519 745 quaeso
539 678 579 738 te,
600 669 724 747 inquam,
750 669 863 729 domine
882 673 918 730 mi
938 673 1036 744 Petra,
1057 671 1103 733 dio

113 749 185 835 *uiuis
204 763 247 812 est
266 754 321 812 iste
340 771 434 812 sermo
454 773 535 830 quem
555 751 627 811 diois
654 752 769 814 dedisse
795 757 847 814 tibi
874 756 1010 816 indicium
1036 757 1104 817 lidei

120 839 203 898 eiusl
222 837 260 896 Et
278 837 396 897 Petrus:
418 838 468 896 lllc
488 857 582 896 sermo
603 849 647 896 est
666 859 721 917 quo
740 842 865 917 rogavit,
896 853 927 900 ut
945 853 975 901 et
993 843 1105 921 bospite

120 943 172 982 sua
192 924 272 982 cuius
290 923 441 982 benefieiis
459 925 551 982 vicem
569 921 694 982 reddere
713 923 874 997 desiderat,
904 927 985 985 simul
1012 927 1105 1007 bapti-

119 1019 205 1067 zetur
224 1027 286 1066 eum
305 1009 378 1086 ipsa.
425 1007 491 1066 Non
510 1019 603 1068 autem
622 1019 756 1086 rogaret,
785 1022 817 1069 ut
834 1012 875 1069 illi
903 1032 983 1090 quam
1011 1009 1106 1090 diligit

120 1103 320 1172 praestaretur
338 1092 409 1150 baec
429 1095 532 1169 gratia,
554 1094 608 1151 nisi
627 1094 800 1153 credidisset
818 1096 892 1174 quod
912 1117 1041 1174 magnum
1052 1099 1105 1155 ali·

121 1176 198 1257 quod
216 1179 245 1234 in
263 1177 431 1255 baptismate
447 1197 544 1236 munus
556 1187 644 1236 esset.
663 1181 691 1252 1)
724 1178 805 1238 Unde
816 1191 912 1258 elego
921 1181 1105 1260 reprebendo
1146 1193 1156 1204 ‘

120 1262 259 1342 plurimos
279 1263 325 1340 qui
344 1281 406 1320 eum
425 1263 478 1340 ipsi
497 1263 679 1340 baptizentur
696 1274 727 1321 et
753 1263 884 1338 credant,
914 1267 982 1325 nibil
1009 1277 1105 1326 tamen

122 1345 238 1424 dignum
257 1346 313 1405 fide
332 1358 422 1424 agunt
440 1366 502 1405 cum
522 1347 564 1406 bis
584 1367 654 1425 quos
679 1347 810 1424 diligunt,
840 1350 868 1408 id
896 1361 941 1410 est
967 1353 1105 1411 uxoribus

13 1457 15 1466 ³
119 1433 251 1492 velaebliis
269 1432 314 1491 vel
333 1433 442 1503 amicis,
464 1451 534 1510 quos
553 1451 608 1490 non
628 1430 664 1490 ad
691 1432 746 1491 boc
773 1433 923 1492 hortantur
949 1435 1023 1514 quod
1051 1437 1105 1515 ipsi

122 1516 273 1596 adsequnti
292 1527 366 1587 sunt,
388 1517 412 1575 si
440 1514 554 1595 quidem
580 1534 650 1575 vere
679 1516 856 1576 crediderint
884 1517 957 1598 quod
985 1531 1106 1578 aeterna

120 1603 180 1661 rita
201 1621 256 1680 per
274 1603 328 1660 boc
347 1601 480 1660 donatur.
527 1599 658 1680 Denique
677 1602 700 1660 si
729 1620 780 1661 eos
807 1615 963 1681 aegrotare
989 1603 1108 1663 videant

122 1699 172 1746 ant
189 1687 318 1766 periculo
336 1686 422 1745 alieni
442 1687 598 1746 carnaliter
616 1687 778 1758 subiacere,
809 1687 907 1748 dolent
934 1699 964 1748 et
993 1690 1103 1767 lugent,

123 1773 189 1851 qnia
207 1773 235 1829 in
255 1773 309 1831 boc
329 1773 401 1830 certi
420 1783 484 1831 sunt
503 1773 545 1830 eis
563 1773 711 1831 imminere
734 1773 902 1851 perniciem.
949 1773 993 1832 lta
1019 1793 1104 1852 ergo,

123 1859 146 1916 si
166 1868 197 1916 et
215 1855 250 1916 de
269 1857 325 1919 boe
344 1858 417 1916 certi
436 1868 534 1916 essent
552 1857 627 1935 qnod
647 1859 693 1936 qui
712 1856 795 1916 deum
815 1878 870 1916 non
882 1859 990 1931 colunt,
1010 1869 1107 1918 manet

123 1961 176 2002 eos
193 1961 289 2020 poena
307 1943 387 2018 ignis¹
400 1942 523 2013 aeterni,
545 1942 656 2021 quando
677 1954 826 2002 cessarent
844 1955 993 2004 monentes
1011 1955 1042 2004 et
1056 1964 1107 2003 co-

122 2028 290 2088 hortantes?
308 2025 367 2085 Aut
385 2027 409 2085 si
428 2028 617 2099 obsisterent,
638 2028 781 2107 quomodo
808 2050 866 2088 non
893 2031 1027 2108 lugerent
1054 2050 1106 2088 eos

124 2123 153 2172 et
171 2113 352 2194 plangerent,
374 2113 447 2173 certi
465 2122 585 2172 aeterna
603 2115 646 2172 eis
665 2116 814 2174 imminere
837 2116 995 2194 supplicia?
1021 2113 1106 2172 Nunc

98 2240 100 2243 -
124 2217 196 2275 ergo
216 2198 291 2256 illam
310 2196 421 2277 quidem
441 2200 585 2257 mulierem
606 2200 787 2258 evocabimns
806 2198 996 2277 postmodnm,
1017 2210 1047 2259 et
1063 2202 1107 2257 vi-

124 2282 252 2342 debimus
271 2284 294 2341 si
312 2294 387 2342 amat
405 2281 489 2341 fidem
507 2284 658 2360 religionis
677 2294 806 2356 nostrae,
834 2294 864 2341 et
890 2294 976 2361 prout
1002 2302 1107 2342 conse-

124 2388 214 2447 quens
233 2370 319 2427 luerit
337 2386 465 2446 agemus.
513 2366 592 2425 llaec
611 2378 704 2426 autem
724 2369 855 2447 quoniam
875 2367 1000 2427 fideliter
1016 2368 1108 2427 sensit

124 2452 161 2512 de
179 2454 330 2533 baptismo,
351 2455 461 2512 ieiunet
473 2453 523 2512 'vel
543 2471 597 2509 uua
617 2451 663 2511 die
682 2463 749 2510 ante
767 2452 946 2530 baptismum.

167 2537 224 2597 56.
270 2536 457 2621 Atlillacum
476 2538 634 2596 iuramento
645 2538 843 2596 satisfaciebat
851 2548 1005 2616 praesente
1016 2555 1107 2596 uxore

124 2622 232 2683 domiai
250 2626 306 2682 mei
325 2624 415 2694 Petri,
437 2624 501 2702 quia
529 2642 566 2681 ex
593 2644 648 2702 quo
675 2624 882 2701 recognoverit
909 2622 1007 2693 lilium,
1027 2625 1107 2700 ‘prae

123 2710 211 2768 multo
231 2708 336 2787 gaudio
356 2709 447 2767 cibum
467 2726 572 2786 capere
591 2709 706 2766 omnino
717 2709 887 2787 nequiverit,
905 2708 963 2766 bisi
973 2708 1108 2767 besterna

125 2793 173 2852 die
192 2795 312 2861 calicem
330 2812 421 2871 aquae
440 2792 529 2853 solum
548 2793 665 2853 biberit.
685 2793 857 2852 Testabatur
874 2803 969 2852 autem
988 2804 1018 2852 et
1035 2810 1110 2852 uxor

124 2879 214 2949 Petri,
236 2878 335 2938 dicens
353 2880 393 2937 ita
411 2898 487 2938 esse.
534 2878 571 2936 m
593 2880 697 2959 Aquila
715 2880 770 2938 ait:
800 2878 873 2952 Quid
902 2898 973 2956 ergo
1001 2878 1106 2948 obstat,
1196 2950 1202 2959 p

124 2983 177 3022 cur
195 2983 252 3021 non
269 2964 448 3042 baptizetur?
474 2963 849 3024 TurniPetrus‘subridens:
879 2962 939 3021 Sed
962 2978 1023 3021 mon
1050 2973 1106 3032 est,

122 3048 227 3124 inquit,
248 3046 303 3105 boe
323 3048 456 3106 ieiunium
475 3048 619 3125 baptismi,
640 3046 716 3125 quod
735 3068 791 3106 non
810 3058 929 3125 propter
941 3046 1109 3125 baptismum

122 3133 279 3191 ieiunatum
299 3142 353 3189 est.
400 3132 437 3189 llt
455 3131 575 3191 Niceta:
598 3130 654 3190 Sed
676 3133 763 3201 lorte,
784 3132 891 3209 inquit,
919 3132 1020 3189 volens
1039 3129 1109 3189 dens

124 3227 245 3277 matrem
264 3226 389 3275 nostram
409 3238 463 3276 nec
482 3236 538 3275 una
565 3214 611 3275 dle
631 3217 736 3293 agnitis
755 3216 838 3274 nobis
856 3217 985 3293 separari
1003 3236 1020 3273 a
1038 3234 1109 3273 eon·

125 3303 215 3361 sortia
234 3320 350 3360 mensae
369 3314 497 3375 nostrae,
518 3299 734 3379 praeordinavit
750 3300 807 3359 boe
825 3312 856 3359 ut
873 3311 940 3359 ante
951 3302 1105 3360 ieiunaret.

126 3386 209 3445 Sicut
227 3388 300 3445 enim
320 3386 484 3464 pudicitiam
503 3389 628 3445 servavit
646 3388 675 3443 in
694 3386 872 3462 ignorantia,
902 3396 933 3443 ut
951 3386 1110 3464 proliceret

126 3473 153 3530 oi
172 3471 207 3530 ad
222 3472 356 3551 baptismi
376 3475 508 3550 gratiam,
529 3474 568 3531 ita
585 3473 723 3529 ieiunavit
741 3482 892 3549 antequam
911 3471 1109 3529 sciretieiuuii

126 3558 278 3629 rationem,
299 3568 330 3617 ut
347 3558 505 3637 proliceret
523 3558 550 3615 ei
568 3556 604 3616 ad
619 3557 801 3635 baptismum,
822 3567 853 3615 et
870 3556 964 3615 statim
991 3556 1028 3614 ab
1055 3557 1111 3614 ini·

127 3734 345 3747 -.-—...

165 3845 189 3904 ¹)
207 3846 293 3893 Unde
311 3850 342 3895 et
360 3862 415 3907 ego
443 3874 475 3884 --
502 3848 664 3895 imminere
683 3847 845 3908 supplicia
865 3860 918 3893 non
940 3845 1063 3906 leguntur
1083 3844 1110 3892 in

128 3913 199 3961 codd.
217 3912 299 3973 lnipm.
