<?xml version="1.0" encoding="UTF-8"?>
<!DOCTYPE html PUBLIC "-//W3C//DTD XHTML 1.0 Transitional//EN"
    "http://www.w3.org/TR/xhtml1/DTD/xhtml1-transitional.dtd">
<html xmlns="http://www.w3.org/1999/xhtml" xml:lang="en" lang="en">
 <head>
  <title>
</title>
<meta http-equiv="Content-Type" content="text/html;charset=utf-8" />
  <meta name='ocr-system' content='tesseract 3.04.00' />
  <meta name='ocr-capabilities' content='ocr_page ocr_carea ocr_par ocr_line ocrx_word'/>
</head>
<body>
  <div class='ocr_page' id='page_1' title='image "./recognitionesru00gersgoog_0239.png"; bbox 0 0 2634 4400; ppageno 0'>
   <div class='ocr_carea' id='block_1_1' title="bbox 420 275 709 391">
    <p class='ocr_par' dir='ltr' id='par_1_1' title="bbox 420 275 709 391">
     <span class='ocr_line' id='line_1_1' title="bbox 420 275 709 391; baseline 0 0"><span class='ocrx_word' id='word_1_1' title='bbox 420 275 709 391; x_wconf 21' lang='lat' dir='ltr'><strong>tm*</strong></span> 
     </span>
    </p>
   </div>
   <div class='ocr_carea' id='block_1_2' title="bbox 107 484 1092 1852">
    <p class='ocr_par' dir='ltr' id='par_1_2' title="bbox 108 484 1091 638">
     <span class='ocr_line' id='line_1_2' title="bbox 108 484 1091 577; baseline 0.005 -26"><span class='ocrx_word' id='word_1_2' title='bbox 108 494 203 571; x_wconf 48' lang='lat' dir='ltr'><strong>&amp;uem</strong></span> <span class='ocrx_word' id='word_1_3' title='bbox 222 484 383 566; x_wconf 76' lang='lat' dir='ltr'><strong>eollae&#39;ent3</strong></span> <span class='ocrx_word' id='word_1_4' title='bbox 404 498 435 551; x_wconf 85' lang='lat' dir='ltr'><strong>et</strong></span> <span class='ocrx_word' id='word_1_5' title='bbox 452 492 582 551; x_wconf 78' lang='lat' dir='ltr'><strong>iniuriam</strong></span> <span class='ocrx_word' id='word_1_6' title='bbox 600 492 672 555; x_wconf 78' lang='lat' dir='ltr'><strong>laeti</strong></span> <span class='ocrx_word' id='word_1_7' title='bbox 684 494 849 553; x_wconf 83' lang='lat' dir='ltr'><strong>sentientet</strong></span> <span class='ocrx_word' id='word_1_8' title='bbox 858 493 1001 555; x_wconf 79' lang='lat' dir='ltr'><strong>vindictae</strong></span> <span class='ocrx_word' id='word_1_9' title='bbox 1011 513 1091 577; x_wconf 78' lang='lat' dir='ltr'><strong>mag-</strong></span> 
     </span>
     <span class='ocr_line' id='line_1_3' title="bbox 108 578 292 638; baseline -0.005 0"><span class='ocrx_word' id='word_1_10' title='bbox 108 578 292 638; x_wconf 56' lang='lat' dir='ltr'><strong>altudinem«</strong></span> 
     </span>
    </p>

    <p class='ocr_par' dir='ltr' id='par_1_3' title="bbox 107 658 1092 1747">
     <span class='ocr_line' id='line_1_4' title="bbox 151 658 1091 745; baseline 0.003 -22"><span class='ocrx_word' id='word_1_11' title='bbox 151 664 212 723; x_wconf 57' lang='lat' dir='ltr'><strong>bis</strong></span> <span class='ocrx_word' id='word_1_12' title='bbox 257 660 316 721; x_wconf 83' lang='lat' dir='ltr'><strong>Sed</strong></span> <span class='ocrx_word' id='word_1_13' title='bbox 335 658 466 741; x_wconf 84' lang='lat' dir='ltr'><strong>quonlam</strong></span> <span class='ocrx_word' id='word_1_14' title='bbox 489 682 559 722; x_wconf 86' lang='lat' dir='ltr'><strong>vera</strong></span> <span class='ocrx_word' id='word_1_15' title='bbox 578 663 650 722; x_wconf 85' lang='lat' dir='ltr'><strong>bueo</strong></span> <span class='ocrx_word' id='word_1_16' title='bbox 670 666 760 742; x_wconf 74' lang='lat' dir='ltr'><strong>magis</strong></span> <span class='ocrx_word' id='word_1_17' title='bbox 779 672 855 737; x_wconf 83' lang='lat' dir='ltr'><strong>suut,</strong></span> <span class='ocrx_word' id='word_1_18' title='bbox 885 670 957 745; x_wconf 71' lang='lat' dir='ltr'><strong>quae</strong></span> <span class='ocrx_word' id='word_1_19' title='bbox 976 665 1091 745; x_wconf 89' lang='lat' dir='ltr'><strong>publiea</strong></span> 
     </span>
     <span class='ocr_line' id='line_1_5' title="bbox 108 740 1091 829; baseline 0.002 -21"><span class='ocrx_word' id='word_1_20' title='bbox 108 740 253 828; x_wconf 81' lang='lat' dir='ltr'><strong>turpitudo</strong></span> <span class='ocrx_word' id='word_1_21' title='bbox 270 758 405 821; x_wconf 87' lang='lat' dir='ltr'><strong>testatur,</strong></span> <span class='ocrx_word' id='word_1_22' title='bbox 426 748 509 807; x_wconf 84' lang='lat' dir='ltr'><strong>etad</strong></span> <span class='ocrx_word' id='word_1_23' title='bbox 529 750 742 809; x_wconf 79' lang='lat' dir='ltr'><strong>exeusationem</strong></span> <span class='ocrx_word' id='word_1_24' title='bbox 767 770 783 808; x_wconf 91' lang='lat' dir='ltr'><strong>a</strong></span> <span class='ocrx_word' id='word_1_25' title='bbox 810 751 879 808; x_wconf 86' lang='lat' dir='ltr'><strong>viris</strong></span> <span class='ocrx_word' id='word_1_26' title='bbox 905 751 1091 829; x_wconf 70' lang='lat' dir='ltr'><strong>prudentibus</strong></span> 
     </span>
     <span class='ocr_line' id='line_1_6' title="bbox 108 834 1088 912; baseline 0.002 -19"><span class='ocrx_word' id='word_1_27' title='bbox 108 834 288 898; x_wconf 68' lang='lat' dir='ltr'><strong>sermonibus</strong></span> <span class='ocrx_word' id='word_1_28' title='bbox 305 835 431 893; x_wconf 77' lang='lat' dir='ltr'>honestis</span> <span class='ocrx_word' id='word_1_29' title='bbox 450 835 577 912; x_wconf 85' lang='lat' dir='ltr'><strong>quaesita</strong></span> <span class='ocrx_word' id='word_1_30' title='bbox 596 843 660 893; x_wconf 90' lang='lat' dir='ltr'><strong>suut</strong></span> <span class='ocrx_word' id='word_1_31' title='bbox 687 846 717 893; x_wconf 90' lang='lat' dir='ltr'><strong>et</strong></span> <span class='ocrx_word' id='word_1_32' title='bbox 741 837 911 895; x_wconf 81' lang='lat' dir='ltr'><strong>concinnata</strong></span> <span class='ocrx_word' id='word_1_33' title='bbox 936 838 1088 909; x_wconf 88' lang='lat' dir='ltr'><strong>velamina,</strong></span> 
     </span>
     <span class='ocr_line' id='line_1_7' title="bbox 108 918 1091 1000; baseline 0.002 -22"><span class='ocrx_word' id='word_1_34' title='bbox 108 920 220 993; x_wconf 81' lang='lat' dir='ltr'><strong>ideireo</strong></span> <span class='ocrx_word' id='word_1_35' title='bbox 238 937 295 977; x_wconf 91' lang='lat' dir='ltr'><strong>nou</strong></span> <span class='ocrx_word' id='word_1_36' title='bbox 314 920 403 979; x_wconf 87' lang='lat' dir='ltr'><strong>solum</strong></span> <span class='ocrx_word' id='word_1_37' title='bbox 422 938 479 977; x_wconf 90' lang='lat' dir='ltr'><strong>nou</strong></span> <span class='ocrx_word' id='word_1_38' title='bbox 497 918 696 999; x_wconf 83' lang='lat' dir='ltr'><strong>probibentur,</strong></span> <span class='ocrx_word' id='word_1_39' title='bbox 717 920 769 979; x_wconf 90' lang='lat' dir='ltr'><strong>sed</strong></span> <span class='ocrx_word' id='word_1_40' title='bbox 793 932 823 979; x_wconf 90' lang='lat' dir='ltr'><strong>et</strong></span> <span class='ocrx_word' id='word_1_41' title='bbox 849 922 919 1000; x_wconf 87' lang='lat' dir='ltr'><strong>ipsis</strong></span> <span class='ocrx_word' id='word_1_42' title='bbox 945 923 1091 1000; x_wconf 80' lang='lat' dir='ltr'><strong>mysteriis</strong></span> 
     </span>
     <span class='ocr_line' id='line_1_8' title="bbox 109 1001 1091 1086; baseline 0 -21"><span class='ocrx_word' id='word_1_43' title='bbox 109 1005 223 1065; x_wconf 84' lang='lat' dir='ltr'><strong>Saturni</strong></span> <span class='ocrx_word' id='word_1_44' title='bbox 242 1005 316 1063; x_wconf 87' lang='lat' dir='ltr'><strong>lilios</strong></span> <span class='ocrx_word' id='word_1_45' title='bbox 335 1002 509 1076; x_wconf 69' lang='lat' dir='ltr'><strong>devorantis,</strong></span> <span class='ocrx_word' id='word_1_46' title='bbox 531 1015 560 1063; x_wconf 89' lang='lat' dir='ltr'><strong>et</strong></span> <span class='ocrx_word' id='word_1_47' title='bbox 579 1006 715 1063; x_wconf 81' lang='lat' dir='ltr'><strong>occultati</strong></span> <span class='ocrx_word' id='word_1_48' title='bbox 733 1008 816 1084; x_wconf 89' lang='lat' dir='ltr'><strong>pueri</strong></span> <span class='ocrx_word' id='word_1_49' title='bbox 834 1001 1091 1086; x_wconf 72' lang='lat' dir='ltr'><strong>perflorybantum</strong></span> 
     </span>
     <span class='ocr_line' id='line_1_9' title="bbox 109 1090 1088 1170; baseline 0.001 -21"><span class='ocrx_word' id='word_1_50' title='bbox 109 1102 138 1149; x_wconf 92' lang='lat' dir='ltr'><strong>et</strong></span> <span class='ocrx_word' id='word_1_51' title='bbox 156 1090 285 1169; x_wconf 79' lang='lat' dir='ltr'><strong>cymbala</strong></span> <span class='ocrx_word' id='word_1_52' title='bbox 302 1101 334 1148; x_wconf 93' lang='lat' dir='ltr'><strong>et</strong></span> <span class='ocrx_word' id='word_1_53' title='bbox 351 1100 547 1169; x_wconf 71' lang='lat' dir='ltr'><strong>tympanorum</strong></span> <span class='ocrx_word' id='word_1_54' title='bbox 566 1092 687 1161; x_wconf 85' lang='lat' dir='ltr'><strong>sonitus,</strong></span> <span class='ocrx_word' id='word_1_55' title='bbox 716 1093 913 1170; x_wconf 85' lang='lat' dir='ltr'><strong>exprimuntur·</strong></span> <span class='ocrx_word' id='word_1_56' title='bbox 937 1094 1088 1170; x_wconf 77' lang='lat' dir='ltr'><strong>imagines.</strong></span> 
     </span>
     <span class='ocr_line' id='line_1_10' title="bbox 107 1174 1091 1255; baseline 0.001 -21"><span class='ocrx_word' id='word_1_57' title='bbox 107 1174 152 1234; x_wconf 84' lang='lat' dir='ltr'><strong>lJe</strong></span> <span class='ocrx_word' id='word_1_58' title='bbox 171 1174 347 1235; x_wconf 78' lang='lat' dir='ltr'><strong>abscissione</strong></span> <span class='ocrx_word' id='word_1_59' title='bbox 366 1194 434 1233; x_wconf 88' lang='lat' dir='ltr'><strong>vero</strong></span> <span class='ocrx_word' id='word_1_60' title='bbox 454 1175 571 1233; x_wconf 79' lang='lat' dir='ltr'><strong>Saturni</strong></span> <span class='ocrx_word' id='word_1_61' title='bbox 589 1182 662 1253; x_wconf 82' lang='lat' dir='ltr'><strong>quae</strong></span> <span class='ocrx_word' id='word_1_62' title='bbox 680 1177 772 1234; x_wconf 83' lang='lat' dir='ltr'><strong>maior</strong></span> <span class='ocrx_word' id='word_1_63' title='bbox 790 1178 846 1235; x_wconf 83' lang='lat' dir='ltr'><strong>erit</strong></span> <span class='ocrx_word' id='word_1_64' title='bbox 863 1177 996 1255; x_wconf 89' lang='lat' dir='ltr'><strong>probatio</strong></span> <span class='ocrx_word' id='word_1_65' title='bbox 1014 1178 1091 1235; x_wconf 87' lang='lat' dir='ltr'><strong>veri-</strong></span> 
     </span>
     <span class='ocr_line' id='line_1_11' title="bbox 108 1259 1091 1339; baseline 0.002 -21"><span class='ocrx_word' id='word_1_66' title='bbox 108 1262 186 1331; x_wconf 84' lang='lat' dir='ltr'><strong>tatis,</strong></span> <span class='ocrx_word' id='word_1_67' title='bbox 208 1280 289 1339; x_wconf 88' lang='lat' dir='ltr'><strong>quam</strong></span> <span class='ocrx_word' id='word_1_68' title='bbox 302 1270 340 1319; x_wconf 79' lang='lat' dir='ltr'><strong>att</strong></span> <span class='ocrx_word' id='word_1_69' title='bbox 356 1262 385 1318; x_wconf 88' lang='lat' dir='ltr'><strong>iu</strong></span> <span class='ocrx_word' id='word_1_70' title='bbox 404 1260 546 1319; x_wconf 65' lang='lat' dir='ltr'><strong>honorem*</strong></span> <span class='ocrx_word' id='word_1_71' title='bbox 563 1259 611 1319; x_wconf 85' lang='lat' dir='ltr'><strong>dei</strong></span> <span class='ocrx_word' id='word_1_72' title='bbox 628 1262 683 1332; x_wconf 84' lang='lat' dir='ltr'><strong>sui,</strong></span> <span class='ocrx_word' id='word_1_73' title='bbox 713 1262 800 1319; x_wconf 85' lang='lat' dir='ltr'><strong>simili</strong></span> <span class='ocrx_word' id='word_1_74' title='bbox 815 1262 993 1321; x_wconf 68' lang='lat' dir='ltr'><strong>infelicitatis</strong></span> <span class='ocrx_word' id='word_1_75' title='bbox 1011 1273 1091 1321; x_wconf 84' lang='lat' dir='ltr'><strong>sorte</strong></span> 
     </span>
     <span class='ocr_line' id='line_1_12' title="bbox 109 1346 1091 1423; baseline 0.001 -18"><span class='ocrx_word' id='word_1_76' title='bbox 109 1346 311 1405; x_wconf 75' lang='lat' dir='ltr'><strong>abscindantur</strong></span> <span class='ocrx_word' id='word_1_77' title='bbox 328 1347 415 1405; x_wconf 87' lang='lat' dir='ltr'><strong>etiam</strong></span> <span class='ocrx_word' id='word_1_78' title='bbox 434 1346 578 1407; x_wconf 58' lang='lat' dir='ltr'><strong>cultores?</strong></span> <span class='ocrx_word' id='word_1_79' title='bbox 596 1346 665 1403; x_wconf 84' lang='lat' dir='ltr'><strong>Cum</strong></span> <span class='ocrx_word' id='word_1_80' title='bbox 685 1364 757 1423; x_wconf 82' lang='lat' dir='ltr'><strong>ergo</strong></span> <span class='ocrx_word' id='word_1_81' title='bbox 776 1346 849 1404; x_wconf 85' lang='lat' dir='ltr'><strong>haee</strong></span> <span class='ocrx_word' id='word_1_82' title='bbox 863 1349 1015 1405; x_wconf 78' lang='lat' dir='ltr'><strong>manifeste</strong></span> <span class='ocrx_word' id='word_1_83' title='bbox 1026 1353 1091 1406; x_wconf 81' lang='lat' dir='ltr'><strong>e&#39;e&#39;r-</strong></span> 
     </span>
     <span class='ocr_line' id='line_1_13' title="bbox 109 1428 1088 1509; baseline 0 -20"><span class='ocrx_word' id='word_1_84' title='bbox 109 1438 221 1501; x_wconf 81' lang='lat' dir='ltr'><strong>uantur,</strong></span> <span class='ocrx_word' id='word_1_85' title='bbox 244 1433 306 1509; x_wconf 88' lang='lat' dir='ltr'><strong>quis</strong></span> <span class='ocrx_word' id='word_1_86' title='bbox 324 1442 383 1489; x_wconf 87' lang='lat' dir='ltr'><strong>tam</strong></span> <span class='ocrx_word' id='word_1_87' title='bbox 401 1432 498 1509; x_wconf 82' lang='lat' dir='ltr'><strong>exigui</strong></span> <span class='ocrx_word' id='word_1_88' title='bbox 517 1449 628 1501; x_wconf 87' lang='lat' dir='ltr'><strong>seusus,</strong></span> <span class='ocrx_word' id='word_1_89' title='bbox 649 1432 706 1487; x_wconf 89' lang='lat' dir='ltr'><strong>imo</strong></span> <span class='ocrx_word' id='word_1_90' title='bbox 725 1441 781 1487; x_wconf 90' lang='lat' dir='ltr'><strong>tam</strong></span> <span class='ocrx_word' id='word_1_91' title='bbox 800 1428 896 1489; x_wconf 88' lang='lat' dir='ltr'><strong>stolidi</strong></span> <span class='ocrx_word' id='word_1_92' title='bbox 915 1433 1088 1503; x_wconf 86' lang='lat' dir='ltr'><strong>invenietur,</strong></span> 
     </span>
     <span class='ocr_line' id='line_1_14' title="bbox 109 1515 1089 1595; baseline -0.002 -20"><span class='ocrx_word' id='word_1_93' title='bbox 109 1519 155 1575; x_wconf 87' lang='lat' dir='ltr'><strong>eui</strong></span> <span class='ocrx_word' id='word_1_94' title='bbox 174 1535 230 1575; x_wconf 91' lang='lat' dir='ltr'><strong>non</strong></span> <span class='ocrx_word' id='word_1_95' title='bbox 249 1517 339 1595; x_wconf 79' lang='lat' dir='ltr'><strong>palent</strong></span> <span class='ocrx_word' id='word_1_96' title='bbox 359 1516 406 1589; x_wconf 90' lang='lat' dir='ltr'><strong>sit,</strong></span> <span class='ocrx_word' id='word_1_97' title='bbox 428 1516 501 1575; x_wconf 78' lang='lat' dir='ltr'><strong>liaeo</strong></span> <span class='ocrx_word' id='word_1_98' title='bbox 520 1516 610 1592; x_wconf 80' lang='lat' dir='ltr'><strong>magis</strong></span> <span class='ocrx_word' id='word_1_99' title='bbox 622 1534 697 1574; x_wconf 35' lang='lat' dir='ltr'><strong>*vera</strong></span> <span class='ocrx_word' id='word_1_100' title='bbox 716 1534 780 1574; x_wconf 89' lang='lat' dir='ltr'><strong>esse</strong></span> <span class='ocrx_word' id='word_1_101' title='bbox 800 1515 835 1575; x_wconf 92' lang='lat' dir='ltr'><strong>de</strong></span> <span class='ocrx_word' id='word_1_102' title='bbox 850 1517 1013 1575; x_wconf 78' lang='lat' dir='ltr'><strong>infelicibus</strong></span> <span class='ocrx_word' id='word_1_103' title='bbox 1023 1516 1089 1589; x_wconf 87' lang='lat' dir='ltr'><strong>diis,</strong></span> 
     </span>
     <span class='ocr_line' id='line_1_15' title="bbox 110 1602 1092 1680; baseline 0 -21"><span class='ocrx_word' id='word_1_104' title='bbox 110 1620 182 1680; x_wconf 87' lang='lat' dir='ltr'><strong>qnae</strong></span> <span class='ocrx_word' id='word_1_105' title='bbox 201 1602 379 1661; x_wconf 69' lang='lat' dir='ltr'><strong>infeliciores</strong></span> <span class='ocrx_word' id='word_1_106' title='bbox 399 1602 524 1661; x_wconf 81' lang='lat' dir='ltr'><strong>cultores</strong></span> <span class='ocrx_word' id='word_1_107' title='bbox 543 1602 629 1662; x_wconf 87' lang='lat' dir='ltr'><strong>etiam</strong></span> <span class='ocrx_word' id='word_1_108' title='bbox 649 1606 801 1679; x_wconf 80' lang='lat' dir='ltr'><strong>corporum</strong></span> <span class='ocrx_word' id='word_1_109' title='bbox 825 1619 939 1660; x_wconf 86' lang='lat' dir='ltr'><strong>suorum</strong></span> <span class='ocrx_word' id='word_1_110' title='bbox 966 1602 1092 1661; x_wconf 87' lang='lat' dir='ltr'><strong>vulneri-</strong></span> 
     </span>
     <span class='ocr_line' id='line_1_16' title="bbox 108 1687 584 1747; baseline 0 -2"><span class='ocrx_word' id='word_1_111' title='bbox 108 1687 162 1745; x_wconf 85' lang='lat' dir='ltr'><strong>bus</strong></span> <span class='ocrx_word' id='word_1_112' title='bbox 180 1697 210 1745; x_wconf 91' lang='lat' dir='ltr'><strong>et</strong></span> <span class='ocrx_word' id='word_1_113' title='bbox 227 1687 405 1745; x_wconf 76' lang='lat' dir='ltr'><strong>abscissione</strong></span> <span class='ocrx_word' id='word_1_114' title='bbox 425 1692 584 1747; x_wconf 80' lang='lat' dir='ltr'><strong>testantur?</strong></span> 
     </span>
    </p>

    <p class='ocr_par' dir='ltr' id='par_1_4' title="bbox 150 1771 1092 1852">
     <span class='ocr_line' id='line_1_17' title="bbox 150 1771 1092 1852; baseline 0 -21"><span class='ocrx_word' id='word_1_115' title='bbox 150 1771 206 1831; x_wconf 78' lang='grc'><strong>58.</strong></span> <span class='ocrx_word' id='word_1_116' title='bbox 254 1771 336 1845; x_wconf 88' lang='lat' dir='ltr'><strong>Quod</strong></span> <span class='ocrx_word' id='word_1_117' title='bbox 359 1773 393 1843; x_wconf 89' lang='lat' dir='ltr'><strong>si,</strong></span> <span class='ocrx_word' id='word_1_118' title='bbox 414 1783 446 1831; x_wconf 91' lang='lat' dir='ltr'><strong>ut</strong></span> <span class='ocrx_word' id='word_1_119' title='bbox 464 1771 576 1843; x_wconf 89' lang='lat' dir='ltr'><strong>dieunt,</strong></span> <span class='ocrx_word' id='word_1_120' title='bbox 606 1772 678 1830; x_wconf 88' lang='lat' dir='ltr'><strong>haee</strong></span> <span class='ocrx_word' id='word_1_121' title='bbox 697 1773 736 1831; x_wconf 89' lang='lat' dir='ltr'><strong>ita</strong></span> <span class='ocrx_word' id='word_1_122' title='bbox 750 1772 875 1832; x_wconf 82' lang='lat' dir='ltr'><strong>boneste</strong></span> <span class='ocrx_word' id='word_1_123' title='bbox 894 1783 924 1832; x_wconf 88' lang='lat' dir='ltr'><strong>et</strong></span> <span class='ocrx_word' id='word_1_124' title='bbox 941 1775 989 1852; x_wconf 90' lang='lat' dir='ltr'><strong>pie</strong></span> <span class='ocrx_word' id='word_1_125' title='bbox 1008 1784 1092 1851; x_wconf 83' lang='lat' dir='ltr'><strong>gesta</strong></span> 
     </span>
    </p>
   </div>
   <div class='ocr_carea' id='block_1_3' title="bbox 3 1857 1091 2021">
    <p class='ocr_par' dir='ltr' id='par_1_5' title="bbox 3 1857 1091 2021">
     <span class='ocr_line' id='line_1_18' title="bbox 3 1857 1090 1939; baseline 0 -24"><span class='ocrx_word' id='word_1_126' title='bbox 3 1866 4 1891; x_wconf 68' lang='lat'><em>²</em></span> <span class='ocrx_word' id='word_1_127' title='bbox 109 1869 166 1917; x_wconf 89' lang='lat' dir='ltr'><strong>tam</strong></span> <span class='ocrx_word' id='word_1_128' title='bbox 185 1858 336 1935; x_wconf 80' lang='lat' dir='ltr'><strong>inhonesto</strong></span> <span class='ocrx_word' id='word_1_129' title='bbox 355 1859 412 1916; x_wconf 82' lang='lat' dir='ltr'><strong>rito</strong></span> <span class='ocrx_word' id='word_1_130' title='bbox 426 1857 1090 1939; x_wconf 53' lang='lat' dir='ltr'><strong>urinistranturetiiitpio,⁴saet·ilegusproiecto</strong></span> 
     </span>
     <span class='ocr_line' id='line_1_19' title="bbox 3 1940 1091 2021; baseline 0.001 -19"><span class='ocrx_word' id='word_1_131' title='bbox 3 1940 4 1971; x_wconf 44' lang='lat' dir='ltr'><strong>l</strong></span> <span class='ocrx_word' id='word_1_132' title='bbox 110 1954 165 2013; x_wconf 86' lang='lat' dir='ltr'><strong>est,</strong></span> <span class='ocrx_word' id='word_1_133' title='bbox 187 1944 312 2021; x_wconf 85' lang='lat' dir='ltr'><strong>quisquis</strong></span> <span class='ocrx_word' id='word_1_134' title='bbox 331 1944 379 2002; x_wconf 89' lang='lat' dir='ltr'><strong>ille</strong></span> <span class='ocrx_word' id='word_1_135' title='bbox 397 1944 443 2001; x_wconf 91' lang='lat' dir='ltr'><strong>vel</strong></span> <span class='ocrx_word' id='word_1_136' title='bbox 462 1960 500 2001; x_wconf 85' lang='lat' dir='ltr'><strong>ex</strong></span> <span class='ocrx_word' id='word_1_137' title='bbox 517 1944 598 2001; x_wconf 90' lang='lat' dir='ltr'><strong>initio</strong></span> <span class='ocrx_word' id='word_1_138' title='bbox 618 1942 690 2001; x_wconf 85' lang='lat' dir='ltr'><strong>haee</strong></span> <span class='ocrx_word' id='word_1_139' title='bbox 709 1941 838 2014; x_wconf 75' lang='lat' dir='ltr'><strong>tradidit,</strong></span> <span class='ocrx_word' id='word_1_140' title='bbox 858 1944 905 2003; x_wconf 83' lang='lat' dir='ltr'><strong>vel</strong></span> <span class='ocrx_word' id='word_1_141' title='bbox 923 1964 998 2003; x_wconf 90' lang='lat' dir='ltr'><strong>nune</strong></span> <span class='ocrx_word' id='word_1_142' title='bbox 1016 1945 1091 2003; x_wconf 89' lang='lat' dir='ltr'><strong>male</strong></span> 
     </span>
    </p>
   </div>
   <div class='ocr_carea' id='block_1_4' title="bbox 93 2027 1092 2448">
    <p class='ocr_par' dir='ltr' id='par_1_6' title="bbox 93 2027 1092 2448">
     <span class='ocr_line' id='line_1_20' title="bbox 109 2027 1091 2108; baseline 0.001 -22"><span class='ocrx_word' id='word_1_143' title='bbox 109 2027 214 2086; x_wconf 82' lang='lat' dir='ltr'><strong>tradita</strong></span> <span class='ocrx_word' id='word_1_144' title='bbox 233 2030 361 2107; x_wconf 79' lang='lat' dir='ltr'><strong>persistit</strong></span> <span class='ocrx_word' id='word_1_145' title='bbox 378 2030 509 2108; x_wconf 87' lang='lat' dir='ltr'><strong>implere.</strong></span> <span class='ocrx_word' id='word_1_146' title='bbox 558 2028 631 2101; x_wconf 80' lang='lat' dir='ltr'><strong>Quid</strong></span> <span class='ocrx_word' id='word_1_147' title='bbox 650 2038 743 2088; x_wconf 87' lang='lat' dir='ltr'><strong>autern</strong></span> <span class='ocrx_word' id='word_1_148' title='bbox 763 2040 792 2087; x_wconf 88' lang='lat' dir='ltr'><strong>et</strong></span> <span class='ocrx_word' id='word_1_149' title='bbox 811 2028 847 2088; x_wconf 89' lang='lat' dir='ltr'><strong>de</strong></span> <span class='ocrx_word' id='word_1_150' title='bbox 865 2030 945 2089; x_wconf 85' lang='lat' dir='ltr'><strong>libris</strong></span> <span class='ocrx_word' id='word_1_151' title='bbox 972 2029 1091 2088; x_wconf 81' lang='lat' dir='ltr'><strong>dicimus</strong></span> 
     </span>
     <span class='ocr_line' id='line_1_21' title="bbox 109 2113 1091 2195; baseline 0.001 -24"><span class='ocrx_word' id='word_1_152' title='bbox 109 2118 275 2192; x_wconf 78' lang='lat' dir='ltr'><strong>poetarum?</strong></span> <span class='ocrx_word' id='word_1_153' title='bbox 294 2113 398 2172; x_wconf 90' lang='lat' dir='ltr'><strong>Nonne</strong></span> <span class='ocrx_word' id='word_1_154' title='bbox 418 2122 586 2191; x_wconf 80' lang='lat' dir='ltr'><strong>oportuerat</strong></span> <span class='ocrx_word' id='word_1_155' title='bbox 604 2134 667 2185; x_wconf 89' lang='lat' dir='ltr'><strong>eos,</strong></span> <span class='ocrx_word' id='word_1_156' title='bbox 688 2116 716 2172; x_wconf 89' lang='lat' dir='ltr'><strong>si</strong></span> <span class='ocrx_word' id='word_1_157' title='bbox 730 2115 851 2173; x_wconf 82' lang='lat' dir='ltr'><strong>honesta</strong></span> <span class='ocrx_word' id='word_1_158' title='bbox 871 2126 899 2172; x_wconf 88' lang='lat' dir='ltr'><strong>et</strong></span> <span class='ocrx_word' id='word_1_159' title='bbox 917 2114 1091 2195; x_wconf 82' lang='lat' dir='ltr'><strong>piadeorum</strong></span> 
     </span>
     <span class='ocr_line' id='line_1_22' title="bbox 110 2192 1091 2279; baseline -0.002 -21"><span class='ocrx_word' id='word_1_160' title='bbox 110 2210 193 2276; x_wconf 83' lang='lat' dir='ltr'><strong>gesta</strong></span> <span class='ocrx_word' id='word_1_161' title='bbox 213 2200 341 2277; x_wconf 76' lang='lat' dir='ltr'><strong>turpibus</strong></span> <span class='ocrx_word' id='word_1_162' title='bbox 359 2192 463 2258; x_wconf 76' lang='lat' dir='ltr'><strong>fabulis</strong></span> <span class='ocrx_word' id='word_1_163' title='bbox 485 2201 668 2269; x_wconf 80' lang='lat' dir='ltr'><strong>infamarunt,</strong></span> <span class='ocrx_word' id='word_1_164' title='bbox 688 2201 775 2257; x_wconf 88' lang='lat' dir='ltr'><strong>abiiei</strong></span> <span class='ocrx_word' id='word_1_165' title='bbox 793 2201 923 2277; x_wconf 83' lang='lat' dir='ltr'><strong>protinus</strong></span> <span class='ocrx_word' id='word_1_166' title='bbox 950 2211 1035 2279; x_wconf 89' lang='lat' dir='ltr'><strong>atque</strong></span> <span class='ocrx_word' id='word_1_167' title='bbox 1063 2201 1091 2256; x_wconf 89' lang='lat' dir='ltr'><strong>iu</strong></span> 
     </span>
     <span class='ocr_line' id='line_1_23' title="bbox 108 2281 1091 2362; baseline -0.001 -20"><span class='ocrx_word' id='word_1_168' title='bbox 108 2285 204 2362; x_wconf 81' lang='lat' dir='ltr'><strong>ignem</strong></span> <span class='ocrx_word' id='word_1_169' title='bbox 225 2281 298 2353; x_wconf 81' lang='lat' dir='ltr'><strong>dari,</strong></span> <span class='ocrx_word' id='word_1_170' title='bbox 327 2301 364 2342; x_wconf 91' lang='lat' dir='ltr'><strong>ne</strong></span> <span class='ocrx_word' id='word_1_171' title='bbox 391 2283 599 2361; x_wconf 85' lang='lat' dir='ltr'><strong>persuaderent</strong></span> <span class='ocrx_word' id='word_1_172' title='bbox 626 2294 748 2342; x_wconf 83' lang='lat' dir='ltr'><strong>tenerae</strong></span> <span class='ocrx_word' id='word_1_173' title='bbox 767 2283 859 2341; x_wconf 87' lang='lat' dir='ltr'><strong>adbue</strong></span> <span class='ocrx_word' id='word_1_174' title='bbox 878 2285 966 2341; x_wconf 89' lang='lat' dir='ltr'><strong>aetati</strong></span> <span class='ocrx_word' id='word_1_175' title='bbox 986 2292 1091 2362; x_wconf 84' lang='lat' dir='ltr'><strong>puero·</strong></span> 
     </span>
     <span class='ocr_line' id='line_1_24' title="bbox 93 2365 1092 2448; baseline 0 -20"><span class='ocrx_word' id='word_1_176' title='bbox 93 2365 182 2439; x_wconf 62' lang='lat' dir='ltr'><strong>uum,</strong></span> <span class='ocrx_word' id='word_1_177' title='bbox 208 2367 304 2426; x_wconf 89' lang='lat' dir='ltr'><strong>lovem</strong></span> <span class='ocrx_word' id='word_1_178' title='bbox 323 2369 413 2446; x_wconf 90' lang='lat' dir='ltr'><strong>ipsum</strong></span> <span class='ocrx_word' id='word_1_179' title='bbox 432 2367 550 2426; x_wconf 86' lang='lat' dir='ltr'><strong>deorum</strong></span> <span class='ocrx_word' id='word_1_180' title='bbox 571 2369 741 2447; x_wconf 83' lang='lat' dir='ltr'><strong>prinoipem,</strong></span> <span class='ocrx_word' id='word_1_181' title='bbox 762 2367 933 2447; x_wconf 78' lang='lat' dir='ltr'><strong>parricidam</strong></span> <span class='ocrx_word' id='word_1_182' title='bbox 953 2381 1024 2446; x_wconf 84' lang='lat' dir='ltr'><strong>erga</strong></span> <span class='ocrx_word' id='word_1_183' title='bbox 1042 2387 1092 2448; x_wconf 88' lang='lat' dir='ltr'><strong>pa·</strong></span> 
     </span>
    </p>
   </div>
   <div class='ocr_carea' id='block_1_5' title="bbox 3 2453 1092 2532">
    <p class='ocr_par' dir='ltr' id='par_1_7' title="bbox 3 2453 1092 2532">
     <span class='ocr_line' id='line_1_25' title="bbox 3 2453 1092 2532; baseline -0.002 -19"><span class='ocrx_word' id='word_1_184' title='bbox 3 2479 4 2482; x_wconf 42' lang='lat'>¹</span> <span class='ocrx_word' id='word_1_185' title='bbox 109 2463 220 2523; x_wconf 85' lang='lat' dir='ltr'><strong>rentes,</strong></span> <span class='ocrx_word' id='word_1_186' title='bbox 241 2453 380 2511; x_wconf 80' lang='lat' dir='ltr'><strong>ineestum</strong></span> <span class='ocrx_word' id='word_1_187' title='bbox 400 2470 475 2532; x_wconf 83' lang='lat' dir='ltr'><strong>erga</strong></span> <span class='ocrx_word' id='word_1_188' title='bbox 489 2471 605 2511; x_wconf 85' lang='lat' dir='ltr'><strong>sorores</strong></span> <span class='ocrx_word' id='word_1_189' title='bbox 624 2453 654 2512; x_wconf 86' lang='lat' dir='ltr'><strong>el</strong></span> <span class='ocrx_word' id='word_1_190' title='bbox 672 2454 756 2524; x_wconf 80' lang='lat' dir='ltr'><strong>filias,</strong></span> <span class='ocrx_word' id='word_1_191' title='bbox 785 2454 922 2532; x_wconf 91' lang='lat' dir='ltr'><strong>impurum</strong></span> <span class='ocrx_word' id='word_1_192' title='bbox 951 2455 1035 2512; x_wconf 89' lang='lat' dir='ltr'><strong>etiam</strong></span> <span class='ocrx_word' id='word_1_193' title='bbox 1063 2456 1092 2512; x_wconf 91' lang='lat' dir='ltr'><strong>in</strong></span> 
     </span>
    </p>
   </div>
   <div class='ocr_carea' id='block_1_6' title="bbox 3 2534 1193 2711">
    <p class='ocr_par' dir='ltr' id='par_1_8' title="bbox 3 2534 1193 2711">
     <span class='ocr_line' id='line_1_26' title="bbox 109 2534 1092 2618; baseline 0.001 -22"><span class='ocrx_word' id='word_1_194' title='bbox 109 2554 216 2618; x_wconf 83' lang='lat' dir='ltr'><strong>pueros</strong></span> <span class='ocrx_word' id='word_1_195' title='bbox 235 2539 396 2612; x_wconf 81' lang='lat' dir='ltr'><strong>exstitisse,</strong></span> <span class='ocrx_word' id='word_1_196' title='bbox 417 2539 562 2597; x_wconf 83' lang='lat' dir='ltr'><strong>Venerem</strong></span> <span class='ocrx_word' id='word_1_197' title='bbox 582 2557 643 2596; x_wconf 88' lang='lat' dir='ltr'><strong>curn</strong></span> <span class='ocrx_word' id='word_1_198' title='bbox 662 2534 756 2596; x_wconf 87' lang='lat' dir='ltr'><strong>biarte</strong></span> <span class='ocrx_word' id='word_1_199' title='bbox 774 2536 932 2609; x_wconf 83' lang='lat' dir='ltr'><strong>adulteros,</strong></span> <span class='ocrx_word' id='word_1_200' title='bbox 954 2550 984 2597; x_wconf 89' lang='lat' dir='ltr'><strong>et</strong></span> <span class='ocrx_word' id='word_1_201' title='bbox 998 2541 1092 2598; x_wconf 88' lang='lat' dir='ltr'><strong>omnia</strong></span> 
     </span>
     <span class='ocr_line' id='line_1_27' title="bbox 3 2619 1193 2711; baseline 0.002 -29"><span class='ocrx_word' id='word_1_202' title='bbox 3 2619 4 2626; x_wconf 59' lang='lat'><em>&#39;</em></span> <span class='ocrx_word' id='word_1_203' title='bbox 110 2625 157 2682; x_wconf 92' lang='lat' dir='ltr'><strong>illa</strong></span> <span class='ocrx_word' id='word_1_204' title='bbox 176 2641 248 2702; x_wconf 86' lang='lat' dir='ltr'><strong>quae</strong></span> <span class='ocrx_word' id='word_1_205' title='bbox 268 2625 322 2682; x_wconf 89' lang='lat' dir='ltr'><strong>iam</strong></span> <span class='ocrx_word' id='word_1_206' title='bbox 340 2625 474 2711; x_wconf 71' lang='lat' dir='ltr'><strong>superius¹</strong></span> <span class='ocrx_word' id='word_1_207' title='bbox 489 2621 565 2682; x_wconf 91' lang='lat' dir='ltr'><strong>dieta</strong></span> <span class='ocrx_word' id='word_1_208' title='bbox 584 2628 668 2682; x_wconf 83' lang='lat' dir='ltr'><strong>sunt&#39;t</strong></span> <span class='ocrx_word' id='word_1_209' title='bbox 685 2622 744 2682; x_wconf 87' lang='lat' dir='ltr'><strong>Aut</strong></span> <span class='ocrx_word' id='word_1_210' title='bbox 753 2623 820 2702; x_wconf 88' lang='lat' dir='ltr'><strong>quid</strong></span> <span class='ocrx_word' id='word_1_211' title='bbox 834 2624 885 2682; x_wconf 90' lang='lat' dir='ltr'><strong>tibi</strong></span> <span class='ocrx_word' id='word_1_212' title='bbox 904 2622 1027 2698; x_wconf 87' lang='lat' dir='ltr'><strong>videtur,</strong></span> <span class='ocrx_word' id='word_1_213' title='bbox 1040 2623 1092 2684; x_wconf 92' lang='lat' dir='ltr'><strong>do·</strong></span> <span class='ocrx_word' id='word_1_214' title='bbox 1185 2687 1193 2700; x_wconf 50' lang='lat'><strong>,</strong></span> 
     </span>
    </p>
   </div>
   <div class='ocr_carea' id='block_1_7' title="bbox 3 2708 365 2794">
    <p class='ocr_par' dir='ltr' id='par_1_9' title="bbox 3 2708 365 2794">
     <span class='ocr_line' id='line_1_28' title="bbox 3 2708 365 2794; baseline 0.003 -28"><span class='ocrx_word' id='word_1_215' title='bbox 3 2733 4 2794; x_wconf 52' lang='lat' dir='ltr'>j</span> <span class='ocrx_word' id='word_1_216' title='bbox 110 2711 185 2767; x_wconf 82' lang='lat' dir='ltr'><strong>mille</strong></span> <span class='ocrx_word' id='word_1_217' title='bbox 203 2711 241 2767; x_wconf 83' lang='lat' dir='ltr'><strong>mi</strong></span> <span class='ocrx_word' id='word_1_218' title='bbox 260 2708 365 2768; x_wconf 60' lang='lat' dir='ltr'><strong>Pelle?</strong></span> 
     </span>
    </p>
   </div>
   <div class='ocr_carea' id='block_1_8' title="bbox 55 2793 1195 3996">
    <p class='ocr_par' dir='ltr' id='par_1_10' title="bbox 55 2793 1195 3996">
     <span class='ocr_line' id='line_1_29' title="bbox 151 2793 1089 2876; baseline 0.003 -25"><span class='ocrx_word' id='word_1_219' title='bbox 151 2793 207 2852; x_wconf 75' lang='grc'><strong>59.</strong></span> <span class='ocrx_word' id='word_1_220' title='bbox 253 2793 332 2853; x_wconf 85' lang='lat' dir='ltr'><strong>&#39;lune</strong></span> <span class='ocrx_word' id='word_1_221' title='bbox 351 2795 400 2854; x_wconf 89' lang='lat' dir='ltr'><strong>ille</strong></span> <span class='ocrx_word' id='word_1_222' title='bbox 419 2794 584 2874; x_wconf 82' lang='lat' dir='ltr'><strong>respondit:</strong></span> <span class='ocrx_word' id='word_1_223' title='bbox 606 2794 710 2854; x_wconf 87' lang='lat' dir='ltr'><strong>Certus</strong></span> <span class='ocrx_word' id='word_1_224' title='bbox 729 2802 791 2854; x_wconf 86' lang='lat' dir='ltr'><strong>esto</strong></span> <span class='ocrx_word' id='word_1_225' title='bbox 801 2795 964 2856; x_wconf 84' lang='lat' dir='ltr'><strong>dulcissime</strong></span> <span class='ocrx_word' id='word_1_226' title='bbox 973 2795 1089 2876; x_wconf 80' lang='lat' dir='ltr'><strong>Aquila,</strong></span> 
     </span>
     <span class='ocr_line' id='line_1_30' title="bbox 111 2879 1091 2960; baseline 0.003 -23"><span class='ocrx_word' id='word_1_227' title='bbox 111 2881 176 2958; x_wconf 80' lang='lat' dir='ltr'><strong>quia</strong></span> <span class='ocrx_word' id='word_1_228' title='bbox 193 2881 288 2938; x_wconf 81' lang='lat' dir='ltr'><strong>omnia</strong></span> <span class='ocrx_word' id='word_1_229' title='bbox 307 2880 480 2958; x_wconf 84' lang='lat' dir='ltr'><strong>perbonam</strong></span> <span class='ocrx_word' id='word_1_230' title='bbox 500 2879 547 2938; x_wconf 92' lang='lat' dir='ltr'><strong>dei</strong></span> <span class='ocrx_word' id='word_1_231' title='bbox 564 2879 770 2960; x_wconf 86' lang='lat' dir='ltr'><strong>providentiam</strong></span> <span class='ocrx_word' id='word_1_232' title='bbox 789 2888 874 2959; x_wconf 78' lang='lat' dir='ltr'><strong>gesta·</strong></span> <span class='ocrx_word' id='word_1_233' title='bbox 890 2888 965 2953; x_wconf 87' lang='lat' dir='ltr'><strong>sunt,</strong></span> <span class='ocrx_word' id='word_1_234' title='bbox 985 2893 1016 2940; x_wconf 89' lang='lat' dir='ltr'><strong>nt</strong></span> <span class='ocrx_word' id='word_1_235' title='bbox 1034 2901 1091 2940; x_wconf 91' lang='lat' dir='ltr'><strong>non</strong></span> 
     </span>
     <span class='ocr_line' id='line_1_31' title="bbox 110 2965 1091 3045; baseline 0.002 -22"><span class='ocrx_word' id='word_1_236' title='bbox 110 2965 205 3023; x_wconf 87' lang='lat' dir='ltr'><strong>solum</strong></span> <span class='ocrx_word' id='word_1_237' title='bbox 218 2965 329 3023; x_wconf 82' lang='lat' dir='ltr'><strong>infirma</strong></span> <span class='ocrx_word' id='word_1_238' title='bbox 352 2976 382 3024; x_wconf 89' lang='lat' dir='ltr'><strong>et</strong></span> <span class='ocrx_word' id='word_1_239' title='bbox 399 2965 521 3044; x_wconf 78' lang='lat' dir='ltr'><strong>fragilis,</strong></span> <span class='ocrx_word' id='word_1_240' title='bbox 542 2983 639 3024; x_wconf 84' lang='lat' dir='ltr'><strong>verum</strong></span> <span class='ocrx_word' id='word_1_241' title='bbox 659 2974 691 3023; x_wconf 90' lang='lat' dir='ltr'><strong>et</strong></span> <span class='ocrx_word' id='word_1_242' title='bbox 706 2968 797 3044; x_wconf 83' lang='lat' dir='ltr'><strong>turpis</strong></span> <span class='ocrx_word' id='word_1_243' title='bbox 817 2978 894 3025; x_wconf 87' lang='lat' dir='ltr'><strong>esset</strong></span> <span class='ocrx_word' id='word_1_244' title='bbox 908 2985 1008 3025; x_wconf 87' lang='lat' dir='ltr'><strong>caussa</strong></span> <span class='ocrx_word' id='word_1_245' title='bbox 1019 2985 1091 3045; x_wconf 90' lang='lat' dir='ltr'><strong>quae</strong></span> 
     </span>
     <span class='ocr_line' id='line_1_32' title="bbox 110 3049 1092 3132; baseline 0.001 -25"><span class='ocrx_word' id='word_1_246' title='bbox 110 3051 205 3132; x_wconf 82' lang='lat' dir='ltr'><strong>lutuia</strong></span> <span class='ocrx_word' id='word_1_247' title='bbox 223 3060 287 3108; x_wconf 81' lang='lat' dir='ltr'><strong>erat</strong></span> <span class='ocrx_word' id='word_1_248' title='bbox 305 3053 451 3109; x_wconf 80' lang='lat' dir='ltr'><strong>contraria</strong></span> <span class='ocrx_word' id='word_1_249' title='bbox 468 3052 594 3108; x_wconf 81' lang='lat' dir='ltr'><strong>veritati.</strong></span> <span class='ocrx_word' id='word_1_250' title='bbox 643 3049 674 3109; x_wconf 83' lang='lat' dir='ltr'><strong>st</strong></span> <span class='ocrx_word' id='word_1_251' title='bbox 693 3052 767 3108; x_wconf 88' lang='lat' dir='ltr'><strong>enim</strong></span> <span class='ocrx_word' id='word_1_252' title='bbox 785 3049 908 3109; x_wconf 84' lang='lat' dir='ltr'><strong>validior</strong></span> <span class='ocrx_word' id='word_1_253' title='bbox 934 3061 965 3110; x_wconf 89' lang='lat' dir='ltr'><strong>et</strong></span> <span class='ocrx_word' id='word_1_254' title='bbox 989 3052 1092 3110; x_wconf 84' lang='lat' dir='ltr'><strong>verisi-</strong></span> 
     </span>
     <span class='ocr_line' id='line_1_33' title="bbox 110 3133 1092 3215; baseline 0 -23"><span class='ocrx_word' id='word_1_255' title='bbox 110 3135 205 3193; x_wconf 88' lang='lat' dir='ltr'><strong>milior</strong></span> <span class='ocrx_word' id='word_1_256' title='bbox 222 3135 324 3194; x_wconf 77' lang='lat' dir='ltr'><strong>linisset</strong></span> <span class='ocrx_word' id='word_1_257' title='bbox 342 3136 450 3193; x_wconf 85' lang='lat' dir='ltr'><strong>erroris</strong></span> <span class='ocrx_word' id='word_1_258' title='bbox 469 3135 607 3205; x_wconf 86' lang='lat' dir='ltr'><strong>adsertio,</strong></span> <span class='ocrx_word' id='word_1_259' title='bbox 637 3133 711 3194; x_wconf 86' lang='lat' dir='ltr'><strong>baad</strong></span> <span class='ocrx_word' id='word_1_260' title='bbox 730 3137 816 3194; x_wconf 83' lang='lat' dir='ltr'><strong>laeile</strong></span> <span class='ocrx_word' id='word_1_261' title='bbox 834 3137 978 3215; x_wconf 88' lang='lat' dir='ltr'><strong>qnisquam</strong></span> <span class='ocrx_word' id='word_1_262' title='bbox 999 3137 1092 3215; x_wconf 89' lang='lat' dir='ltr'><strong>quiin</strong></span> 
     </span>
     <span class='ocr_line' id='line_1_34' title="bbox 111 3219 1092 3297; baseline 0 -19"><span class='ocrx_word' id='word_1_263' title='bbox 111 3239 147 3278; x_wconf 90' lang='lat' dir='ltr'><strong>eo</strong></span> <span class='ocrx_word' id='word_1_264' title='bbox 166 3219 304 3297; x_wconf 84' lang='lat' dir='ltr'><strong>deeeptus</strong></span> <span class='ocrx_word' id='word_1_265' title='bbox 324 3229 412 3292; x_wconf 86' lang='lat' dir='ltr'><strong>esset,</strong></span> <span class='ocrx_word' id='word_1_266' title='bbox 433 3219 469 3278; x_wconf 89' lang='lat' dir='ltr'><strong>ad</strong></span> <span class='ocrx_word' id='word_1_267' title='bbox 488 3221 544 3279; x_wconf 86' lang='lat' dir='ltr'><strong>iter</strong></span> <span class='ocrx_word' id='word_1_268' title='bbox 560 3221 691 3280; x_wconf 80' lang='lat' dir='ltr'><strong>veritatis</strong></span> <span class='ocrx_word' id='word_1_269' title='bbox 708 3219 830 3280; x_wconf 78' lang='lat' dir='ltr'><strong>rediret.</strong></span> <span class='ocrx_word' id='word_1_270' title='bbox 878 3221 909 3280; x_wconf 81' lang='lat' dir='ltr'><strong>st</strong></span> <span class='ocrx_word' id='word_1_271' title='bbox 928 3222 1004 3279; x_wconf 88' lang='lat' dir='ltr'><strong>enim</strong></span> <span class='ocrx_word' id='word_1_272' title='bbox 1017 3224 1092 3280; x_wconf 85' lang='lat' dir='ltr'><strong>nube</strong></span> 
     </span>
     <span class='ocr_line' id='line_1_35' title="bbox 112 3303 1092 3384; baseline 0.004 -22"><span class='ocrx_word' id='word_1_273' title='bbox 112 3321 174 3363; x_wconf 84' lang='lat' dir='ltr'><strong>eum</strong></span> <span class='ocrx_word' id='word_1_274' title='bbox 192 3315 248 3363; x_wconf 73' lang='lat' dir='ltr'><strong>mm</strong></span> <span class='ocrx_word' id='word_1_275' title='bbox 267 3303 353 3363; x_wconf 78' lang='lat' dir='ltr'><strong>marita</strong></span> <span class='ocrx_word' id='word_1_276' title='bbox 371 3305 477 3383; x_wconf 86' lang='lat' dir='ltr'><strong>probra</strong></span> <span class='ocrx_word' id='word_1_277' title='bbox 496 3313 525 3364; x_wconf 88' lang='lat' dir='ltr'><strong>et</strong></span> <span class='ocrx_word' id='word_1_278' title='bbox 544 3304 689 3364; x_wconf 85' lang='lat' dir='ltr'><strong>dedecora</strong></span> <span class='ocrx_word' id='word_1_279' title='bbox 708 3304 744 3365; x_wconf 90' lang='lat' dir='ltr'><strong>de</strong></span> <span class='ocrx_word' id='word_1_280' title='bbox 763 3305 817 3364; x_wconf 88' lang='lat' dir='ltr'><strong>diis</strong></span> <span class='ocrx_word' id='word_1_281' title='bbox 840 3307 966 3384; x_wconf 79' lang='lat' dir='ltr'><strong>gentium</strong></span> <span class='ocrx_word' id='word_1_282' title='bbox 993 3307 1092 3384; x_wconf 90' lang='lat' dir='ltr'><strong>prole-</strong></span> 
     </span>
     <span class='ocr_line' id='line_1_36' title="bbox 110 3384 1092 3470; baseline 0.002 -22"><span class='ocrx_word' id='word_1_283' title='bbox 110 3399 220 3461; x_wconf 81' lang='lat' dir='ltr'><strong>ro&#39;u&#39;tue,</strong></span> <span class='ocrx_word' id='word_1_284' title='bbox 240 3390 289 3448; x_wconf 84' lang='lat' dir='ltr'><strong>vix</strong></span> <span class='ocrx_word' id='word_1_285' title='bbox 306 3390 408 3468; x_wconf 85' lang='lat' dir='ltr'><strong>aliquis</strong></span> <span class='ocrx_word' id='word_1_286' title='bbox 425 3401 536 3469; x_wconf 87' lang='lat' dir='ltr'><strong>turpem</strong></span> <span class='ocrx_word' id='word_1_287' title='bbox 556 3384 733 3470; x_wconf 75' lang='lat' dir='ltr'><strong>derelinquit</strong></span> <span class='ocrx_word' id='word_1_288' title='bbox 747 3397 889 3463; x_wconf 81' lang='lat' dir='ltr'><strong>errorem,</strong></span> <span class='ocrx_word' id='word_1_289' title='bbox 910 3401 1092 3470; x_wconf 88' lang='lat' dir='ltr'><strong>quantoma-</strong></span> 
     </span>
     <span class='ocr_line' id='line_1_37' title="bbox 111 3474 1161 3553; baseline 0.002 -21"><span class='ocrx_word' id='word_1_290' title='bbox 111 3475 156 3552; x_wconf 80' lang='lat' dir='ltr'><strong>gis</strong></span> <span class='ocrx_word' id='word_1_291' title='bbox 174 3475 198 3532; x_wconf 84' lang='lat' dir='ltr'><strong>si</strong></span> <span class='ocrx_word' id='word_1_292' title='bbox 217 3484 298 3534; x_wconf 85' lang='lat' dir='ltr'><strong>esset</strong></span> <span class='ocrx_word' id='word_1_293' title='bbox 311 3475 351 3534; x_wconf 88' lang='lat' dir='ltr'><strong>ibi</strong></span> <span class='ocrx_word' id='word_1_294' title='bbox 369 3474 475 3553; x_wconf 89' lang='lat' dir='ltr'><strong>aliquid</strong></span> <span class='ocrx_word' id='word_1_295' title='bbox 498 3475 647 3534; x_wconf 83' lang='lat' dir='ltr'><strong>honestum</strong></span> <span class='ocrx_word' id='word_1_296' title='bbox 675 3475 899 3536; x_wconf 71' lang='lat' dir='ltr'><strong>et‘rr&#39;er&#39;isi&#39;mile?</strong></span> <span class='ocrx_word' id='word_1_297' title='bbox 928 3475 1093 3536; x_wconf 84' lang='lat' dir='ltr'><strong>Dillieulter</strong></span> <span class='ocrx_word' id='word_1_298' title='bbox 1149 3483 1161 3506; x_wconf 86' lang='grc'><em>·</em></span> 
     </span>
     <span class='ocr_line' id='line_1_38' title="bbox 111 3561 1091 3640; baseline 0.003 -24"><span class='ocrx_word' id='word_1_299' title='bbox 111 3570 230 3638; x_wconf 88' lang='lat' dir='ltr'><strong>namque</strong></span> <span class='ocrx_word' id='word_1_300' title='bbox 248 3562 420 3618; x_wconf 78' lang='lat' dir='ltr'><strong>transfertur</strong></span> <span class='ocrx_word' id='word_1_301' title='bbox 438 3561 545 3620; x_wconf 83' lang='lat' dir='ltr'><strong>animus</strong></span> <span class='ocrx_word' id='word_1_302' title='bbox 564 3561 599 3620; x_wconf 89' lang='lat' dir='ltr'><strong>ab</strong></span> <span class='ocrx_word' id='word_1_303' title='bbox 618 3561 673 3631; x_wconf 90' lang='lat' dir='ltr'><strong>bis,</strong></span> <span class='ocrx_word' id='word_1_304' title='bbox 693 3562 723 3620; x_wconf 82' lang='lat' dir='ltr'><strong>in¹</strong></span> <span class='ocrx_word' id='word_1_305' title='bbox 742 3561 841 3640; x_wconf 86' lang='lat' dir='ltr'><strong>quibus</strong></span> <span class='ocrx_word' id='word_1_306' title='bbox 859 3567 876 3640; x_wconf 80' lang='lat' dir='ltr'><strong>a&#39;</strong></span> <span class='ocrx_word' id='word_1_307' title='bbox 893 3562 983 3640; x_wconf 83' lang='lat' dir='ltr'><strong>prima</strong></span> <span class='ocrx_word' id='word_1_308' title='bbox 996 3571 1091 3621; x_wconf 90' lang='lat' dir='ltr'><strong>aetate</strong></span> 
     </span>
     <span class='ocr_line' id='line_1_39' title="bbox 110 3643 1091 3726; baseline 0.003 -25"><span class='ocrx_word' id='word_1_309' title='bbox 110 3656 282 3722; x_wconf 78' lang='lat' dir='ltr'><strong>praeventus</strong></span> <span class='ocrx_word' id='word_1_310' title='bbox 300 3655 359 3719; x_wconf 81' lang='lat' dir='ltr'><strong>est3</strong></span> <span class='ocrx_word' id='word_1_311' title='bbox 390 3656 419 3704; x_wconf 91' lang='lat' dir='ltr'><strong>et</strong></span> <span class='ocrx_word' id='word_1_312' title='bbox 437 3645 474 3704; x_wconf 94' lang='lat' dir='ltr'><strong>ob</strong></span> <span class='ocrx_word' id='word_1_313' title='bbox 492 3646 547 3704; x_wconf 88' lang='lat' dir='ltr'><strong>boe</strong></span> <span class='ocrx_word' id='word_1_314' title='bbox 567 3652 596 3704; x_wconf 87' lang='lat' dir='ltr'><strong>u&#39;t</strong></span> <span class='ocrx_word' id='word_1_315' title='bbox 615 3643 690 3717; x_wconf 83' lang='lat' dir='ltr'><strong>dixi,</strong></span> <span class='ocrx_word' id='word_1_316' title='bbox 711 3645 805 3705; x_wconf 85' lang='lat' dir='ltr'><strong>divina</strong></span> <span class='ocrx_word' id='word_1_317' title='bbox 823 3647 1004 3726; x_wconf 78' lang='lat' dir='ltr'><strong>providentia</strong></span> <span class='ocrx_word' id='word_1_318' title='bbox 1029 3647 1091 3705; x_wconf 87' lang='lat' dir='ltr'><strong>iae-</strong></span> 
     </span>
     <span class='ocr_line' id='line_1_40' title="bbox 111 3730 1088 3811; baseline 0.004 -25"><span class='ocrx_word' id='word_1_319' title='bbox 111 3737 168 3786; x_wconf 88' lang='lat' dir='ltr'><strong>tem</strong></span> <span class='ocrx_word' id='word_1_320' title='bbox 196 3741 250 3801; x_wconf 88' lang='lat' dir='ltr'><strong>est,</strong></span> <span class='ocrx_word' id='word_1_321' title='bbox 279 3741 310 3788; x_wconf 88' lang='lat' dir='ltr'><strong>ut</strong></span> <span class='ocrx_word' id='word_1_322' title='bbox 337 3731 445 3790; x_wconf 83' lang='lat' dir='ltr'><strong>erroris</strong></span> <span class='ocrx_word' id='word_1_323' title='bbox 472 3730 629 3790; x_wconf 81' lang='lat' dir='ltr'><strong>substantia</strong></span> <span class='ocrx_word' id='word_1_324' title='bbox 656 3740 691 3789; x_wconf 79' lang='lat' dir='ltr'><strong>et‘</strong></span> <span class='ocrx_word' id='word_1_325' title='bbox 711 3731 826 3795; x_wconf 81' lang='lat' dir='ltr'><strong>infirma</strong></span> <span class='ocrx_word' id='word_1_326' title='bbox 844 3741 923 3790; x_wconf 84' lang='lat' dir='ltr'><strong>esset</strong></span> <span class='ocrx_word' id='word_1_327' title='bbox 940 3741 970 3789; x_wconf 87' lang='lat' dir='ltr'><strong>et</strong></span> <span class='ocrx_word' id='word_1_328' title='bbox 987 3733 1088 3811; x_wconf 82' lang='lat' dir='ltr'><strong>turpis.</strong></span> 
     </span>
     <span class='ocr_line' id='line_1_41' title="bbox 112 3807 1090 3895; baseline 0.005 -25"><span class='ocrx_word' id='word_1_329' title='bbox 112 3807 172 3871; x_wconf 80' lang='lat' dir='ltr'><strong>Sed</strong></span> <span class='ocrx_word' id='word_1_330' title='bbox 191 3821 224 3872; x_wconf 73' lang='lat' dir='ltr'><strong>et&#39;</strong></span> <span class='ocrx_word' id='word_1_331' title='bbox 239 3823 357 3873; x_wconf 78' lang='lat' dir='ltr'><strong>caetera</strong></span> <span class='ocrx_word' id='word_1_332' title='bbox 375 3817 468 3874; x_wconf 82' lang='lat' dir='ltr'><strong>omnia</strong></span> <span class='ocrx_word' id='word_1_333' title='bbox 479 3816 563 3874; x_wconf 83' lang='lat' dir='ltr'><strong>simili</strong></span> <span class='ocrx_word' id='word_1_334' title='bbox 582 3813 667 3874; x_wconf 83' lang='lat' dir='ltr'><strong>mod&#39;o</strong></span> <span class='ocrx_word' id='word_1_335' title='bbox 686 3824 886 3895; x_wconf 81' lang='lat' dir='ltr'><strong>competenter</strong></span> <span class='ocrx_word' id='word_1_336' title='bbox 902 3815 1090 3875; x_wconf 83' lang='lat' dir='ltr'><strong>etenm&#39;mode</strong></span> 
     </span>
     <span class='ocr_line' id='line_1_42' title="bbox 55 3896 1195 3996; baseline 0.004 -39"><span class='ocrx_word' id='word_1_337' title='bbox 55 3973 67 3996; x_wconf 34' lang='grc' dir='ltr'><strong>ι</strong></span> <span class='ocrx_word' id='word_1_338' title='bbox 111 3896 258 3977; x_wconf 81' lang='lat' dir='ltr'><strong>dispenset</strong></span> <span class='ocrx_word' id='word_1_339' title='bbox 275 3897 371 3960; x_wconf 78' lang='lat' dir='ltr'><strong>divine</strong></span> <span class='ocrx_word' id='word_1_340' title='bbox 387 3897 579 3980; x_wconf 69' lang='lat' dir='ltr'><strong>prouidentia,</strong></span> <span class='ocrx_word' id='word_1_341' title='bbox 600 3901 670 3961; x_wconf 88' lang='lat' dir='ltr'><strong>lieet</strong></span> <span class='ocrx_word' id='word_1_342' title='bbox 687 3901 775 3961; x_wconf 85' lang='lat' dir='ltr'><strong>nobis·</strong></span> <span class='ocrx_word' id='word_1_343' title='bbox 789 3900 986 3978; x_wconf 72' lang='lat' dir='ltr'><strong>ignorantibus</strong></span> <span class='ocrx_word' id='word_1_344' title='bbox 996 3919 1092 3962; x_wconf 84' lang='lat' dir='ltr'><strong>rerum</strong></span> <span class='ocrx_word' id='word_1_345' title='bbox 1192 3906 1195 3909; x_wconf 85' lang='grc'><strong>’</strong></span> 
     </span>
    </p>
   </div>
   <div class='ocr_carea' id='block_1_9' title="bbox 0 0 1325 4400">
    <p class='ocr_par' dir='ltr' id='par_1_11' title="bbox 0 0 1325 4400">
     <span class='ocr_line' id='line_1_43' title="bbox 0 0 1325 4400; baseline 0 0"><span class='ocrx_word' id='word_1_346' title='bbox 0 0 1325 4400; x_wconf 95' lang='lat' dir='ltr'><strong> </strong></span> 
     </span>
    </p>
   </div>
  </div>
 </body>
</html>
