2634 4400
650 174 675 235 a

176 388 233 446 erit
258 401 378 464 unquam
405 381 501 450 venia,
530 379 577 458 qui
605 375 760 438 divinitatis
778 376 923 449 nuncium,
941 378 1155 456 promittentem
1231 406 1238 436 ι

174 471 256 530 robis
274 468 448 547 agnitionem
472 464 530 536 dei,
550 460 652 523 ridetis
671 474 701 523 ot
719 454 981 522 iniuriis'al'hcitisl
1001 481 1082 541 quem
1100 463 1156 521 uti-

176 575 231 635 que
250 555 334 622 etiam
353 554 377 612 si
396 551 464 610 nihil
482 550 611 618 veritatis
629 547 769 620 adlerret,
789 568 842 626 pro
861 549 923 626 ipso
943 549 1036 606 tamen
1054 547 1157 624 henig-

175 640 271 700 nitatis
290 657 429 718 ergarus
446 635 606 715 proposito,
627 644 738 712 gratum
755 643 961 712 acceptumque
980 632 1087 692 habere
1105 631 1158 692 de·

175 724 296 785 heretis.

221 807 276 868 10.
321 807 406 866 llaec'
419 817 450 866 et
467 807 510 864 his
528 805 629 864 similia
649 823 711 864 euru
729 821 933 883 prosequerer,
953 803 1088 881 plurimus
1105 801 1157 862 ad·

176 895 276 953 stantis
302 892 553 972 populiiremitus
576 889 789 961 concitabatur,
827 888 890 948 dum
917 889 965 948 olii
991 888 1069 947 velut
1087 907 1158 964 erga

175 979 316 1058 hospitem
336 977 518 1036 miseratione
546 985 740 1044 morerentur,
768 993 918 1052 meumque
943 992 1104 1032 sermonem
1126 982 1158 1031 ut

176 1073 390 1141 consequenter
407 1059 532 1118 habitum
550 1059 727 1138 probarent,
747 1059 795 1116 alii
812 1060 974 1136 petulantes
993 1069 1024 1116 et
1046 1055 1154 1127 stolidi,

175 1149 204 1206 in
223 1167 268 1206 mc
287 1165 398 1225 quoque
416 1145 535 1224 pariter,
555 1155 586 1202 ut
604 1143 631 1201 iu
651 1141 823 1213 Barnabam‚
849 1143 980 1202 effrenati
998 1144 1083 1201 animi
1101 1143 1158 1200 ira·

177 1230 307 1292 cundiam
327 1231 517 1290 concitarent.
565 1227 624 1287 Sed
648 1247 711 1286 eum
733 1226 770 1286 ad
791 1247 940 1307 vesperam
958 1229 1012 1286 iam
1031 1226 1157 1286 declina-

176 1327 223 1376 ret
241 1315 315 1388 dies,
335 1315 513 1394 apprehensa
539 1313 687 1374 Barnabae
710 1311 842 1383 dextera,
871 1311 1062 1371 obluctantem
1088 1312 1158 1369 licet

177 1421 253 1473 eum,
273 1399 310 1459 ad
328 1419 418 1460 meam
436 1411 529 1458 mmcu
548 1397 653 1458 addmni
671 1397 795 1468 domum,
815 1408 900 1476 atque
923 1397 962 1454 ibi
980 1416 1095 1456 manere
1114 1397 1158 1455 le-

177 1487 217 1557 ci,
241 1505 278 1544 ne
297 1487 359 1564 quis
377 1485 453 1544 forte
472 1503 509 1544 ex
527 1482 644 1542 indocili
661 1484 747 1560 vulgo
765 1483 899 1542 inliceret
917 1484 946 1541 ei
963 1502 1072 1542 manus.
1095 1479 1159 1539 Ali·

178 1571 319 1650 quantulis
336 1571 425 1648 igitur
443 1568 542 1628 diebus
560 1589 615 1627 uua
633 1569 735 1645 positi,
764 1567 926 1626 disserente
952 1587 989 1626 eo
1018 1567 1155 1645 [paucis],

177 1674 338 1716 sermonem
356 1655 486 1715 veritatis
505 1653 629 1711 libenter
645 1648 810 1723 audiebam,
835 1651 957 1728 urgebat
974 1663 1068 1730 tamen
1090 1670 1158 1730 pro·

177 1741 333 1800 lectionem
352 1738 463 1810 dicem,
484 1757 516 1796 se
535 1735 609 1794 diem
628 1737 732 1794 festum
750 1737 900 1814 religionis
909 1756 990 1809 suae,
1011 1737 1158 1815 quiimmi-
1220 1735 1223 1739 ’

177 1835 273 1896 neret,
294 1815 461 1883 omilimodis
484 1820 557 1901 apud
585 1819 717 1880 ludaeam
745 1821 969 1893 celebraturum,
997 1821 1094 1900 ibique
1121 1817 1159 1880 dc

178 1910 289 1988 reliquo
308 1929 371 1968 cum
389 1909 448 1968 suis
466 1905 574 1965 civibus
593 1906 781 1965 ac·fratribns
795 1927 1020 1986 permansurum,
1040 1905 1158 1970 eviden-

177 2005 224 2052 ter
242 1993 382 2063 indicans,
402 1993 522 2050 iniuriae
541 2009 573 2049 se
591 1989 714 2050 horrore
732 1993 903 2070 perculsum.

220 2079 276 2140 ll.
322 2076 451 2156 Denique
478 2095 540 2133 curu
568 2094 625 2152 ego
652 2075 796 2136 dicerem:
826 2087 854 2137 tu
883 2078 954 2138 mibi
972 2089 1079 2137 tautum
1096 2077 1159 2136 eius

177 2164 243 2235 viri,
264 2183 345 2242 quern
364 2161 528 2241 apparuisse
547 2157 630 2235 dicis,
652 2182 764 2243 expone
783 2161 953 2236 doctrinam,
973 2174 1004 2223 et
1018 2183 1074 2242 ego
1088 2162 1159 2221 areis

156 2247 356 2311 ,sermonibus
369 2258 421 2304 tua
439 2244 515 2303 dicta
525 2265 720 2326 componens,
741 2250 943 2328 omnipotentis
970 2248 1017 2308 dei
1039 2267 1160 2325 regnum

179 2333 370 2408 iustitiamque
380 2329 569 2406 praedicabo,
591 2344 697 2413 etpost
711 2335 782 2395 haec
792 2335 818 2393 si
827 2335 965 2406 volueris,
984 2336 1069 2393 etiam
1080 2332 1159 2391 navi-

179 2417 255 2495 gabo
273 2427 384 2482 tecum,
403 2409 485 2469 valde
509 2418 583 2475 enim
606 2419 707 2479 videre
730 2421 813 2498 cupio
836 2420 985 2490 Iudaeam,
1013 2420 1160 2478 vobiscum

178 2499 311 2561 fortassis
329 2506 468 2573 perpetuo
486 2514 701 2575 permansurus,
729 2503 766 2561 ad
792 2505 864 2562 haec
892 2506 955 2564 ille:
981 2515 1026 2574 tn,
1055 2503 1158 2579 inquit,

180 2588 205 2645 si
224 2580 335 2661 quidem
354 2579 514 2640 videreris
532 2585 648 2659 patriam
669 2599 810 2659 nostram,
835 2598 865 2645 et
883 2586 998 2645 discere
1017 2606 1089 2663 quae
1108 2583 1160 2643 de-

181 2668 303 2738 sideras,
324 2666 378 2725 iam
397 2685 471 2724 nuuc
490 2686 599 2725 urceum
618 2669 727 2745 pariter
745 2673 863 2749 naviga3
883 2672 996 2729 sivero
1015 2680 1044 2728 te
1053 2667 1161 2748 aliquid

180 2763 273 2822 tenet,
294 2752 378 2828 signa
394 2749 446 2809 tibi
468 2751 650 2821 habitationis
673 2763 790 2811 nostran
811 2756 1023 2833 derelinquam,
1043 2765 1074 2813 ut
1096 2745 1160 2813 eum

181 2838 281 2899 venire
299 2836 436 2907 volueris,
456 2837 585 2897 invenire
604 2857 657 2896 nos
675 2837 762 2895 lacile
783 2842 892 2915 possis,
918 2860 974 2917 ego
998 2840 1073 2898 enim
1096 2859 1161 2899 cra-

181 2923 257 2981 stino
275 2921 332 2979 iter
349 2918 514 2997 adgrediar.
554 2922 643 2995 Quem
660 2921 709 2979 ubi
727 2919 897 2979 immobilem
919 2924 993 2995 vidi,
1022 2923 1161 2985 descendi

182 3026 244 3065 eam
268 3006 329 3082 ipso
348 3024 437 3083 usquo
456 3005 492 3065 ad
509 3018 632 3084 portum,
653 3026 687 3065 ac
705 3005 863 3083 diligenter
879 3005 915 3064 ab
933 3028 969 3067 eo
983 3012 1076 3087 sigua,
1088 3029 1161 3088 quae

182 3090 306 3162 dixerat,
325 3090 507 3152 habitationis
525 3092 637 3170 accepi,
659 3090 759 3150 dicens
778 3092 822 3151 ei:
849 3091 914 3169 quia
931 3094 986 3152 nisi
1003 3096 1161 3174 aliquantu·

180 3176 236 3235 lum
255 3176 395 3254 pecuniae
413 3178 579 3236 necessario
598 3177 665 3235 mihi
684 3188 763 3235 osset
779 3197 797 3234 a
815 3175 992 3235 debitoribus
1006 3198 1162 3256 reposceu-
1208 3192 1214 3207 '
1308 3187 1309 3204 ¹

182 3260 258 3331 dum,
279 3260 479 3320 nihilomnino
499 3260 659 3334 differrem3
679 3261 823 3320 reloeitcr
838 3272 933 3320 tamen
955 3262 1090 3339 insequar
1106 3265 1163 3322 iter

182 3356 269 3403 tuum.
317 3345 385 3404 Cum
409 3346 479 3404 hacc
502 3346 653 3416 dixissem,
680 3344 877 3405 commendato
896 3365 932 3406 eo
951 3346 1086 3404 attentius
1103 3346 1160 3417 bis,

183 3430 229 3507 qai
249 3431 312 3488 navi
330 3442 499 3509 praeerant,
529 3450 681 3507 regressus
703 3451 763 3489 sum
780 3432 888 3490 tristis.
937 3430 1065 3489 llabebat
1087 3432 1162 3489 enim

183 3532 227 3575 rue
246 3514 411 3575 recordatio
430 3513 644 3575 consuetudinis
661 3515 729 3573 boni
747 3515 879 3594 hospitis,
900 3527 930 3574 et
948 3516 1046 3593 optimi
1064 3516 1159 3574 amici.
1242 3592 1246 3597 ι

226 3599 280 3659 12.
327 3600 435 3659 Diebus
453 3610 546 3661 autem
564 3600 663 3678 paucis
681 3612 851 3670 remoratus,
873 3600 964 3659 ethis
983 3619 1055 3678 quae
1073 3595 1162 3658 debe-

182 3683 285 3743 bantur
306 3704 343 3743 ex
365 3696 445 3763 parto
468 3685 560 3763 aliqua
578 3685 753 3763 profligatis,
784 3686 914 3763 (plurima
932 3685 1006 3743 enim
1024 3685 1163 3743 festinau-

184 3767 212 3827 di
230 3768 324 3829 studio
343 3770 471 3848 neglexi,
492 3788 528 3828 ne
547 3790 562 3829 a
581 3771 729 3847 proposito
743 3768 909 3850 impedirer)
930 3770 1078 3846 enavigavi
1092 3784 1162 3827 con·-
