2634 4400
607 262 614 294 l

679 289 745 355 tet

605 387 819 400 -u-——nu

223 507 379 566 llammatus
398 501 554 560 fraternum
582 506 675 558 torum
702 491 833 578 polluere
853 495 998 575 cupiebat.
1044 493 1128 568 Quod
1147 494 1217 574 ego'

221 587 391 660 abhorrens,
420 593 450 646 et
476 604 585 644 rursum
615 584 650 644 de
678 593 758 642 tanto
784 581 898 642 scelere
916 582 980 640 viro
997 579 1129 640 indicare
1148 600 1206 640 uon

221 673 340 744 audeus,
361 691 398 731 ue
416 671 521 730 bellum
540 668 676 728 iratribus
703 677 733 728 et
752 666 937 746 opprobrium
964 666 1065 744 generi
1093 663 1207 724 indice-

220 779 293 830 rem,
314 758 404 836 magis
424 769 460 816 ex
478 756 571 834 patria
591 747 743 812 discedere
761 751 884 810 iudicavi
903 770 966 809 eum
985 749 1095 809 dnobus
1113 752 1207 829 gemi-

220 845 264 903 nis
285 843 348 902 liliis
366 843 449 912 meis,
469 839 581 899 iuniore
600 854 691 918 puero
709 829 746 896 ad
764 837 894 895 solatium
912 836 987 915 patri
1005 836 1122 895 relicto.
1169 835 1208 894 Et

220 939 252 990 ut
268 929 353 1000 bace,
373 928 475 1005 inquit,
495 927 616 984 honesta
634 924 733 1003 speeie
761 922 884 993 liereut,
914 922 1040 1000 cogitavi
1065 922 1206 980 somnium

176 1009 189 1020 ’
220 1015 332 1091 lingere
352 1023 380 1070 et
399 1011 498 1070 dicere
516 1011 591 1082 viro,
611 1007 756 1068 adstitisse
774 1006 842 1065 mibi
861 1024 967 1084 numen
987 1004 1129 1085 quoddam
1153 1025 1210 1084 per

220 1101 310 1157 visum
329 1107 359 1155 et
377 1092 494 1166 dixisse,
515 1105 546 1153 ut
564 1110 626 1152 eum
646 1093 756 1153 duobus
774 1093 896 1170 geminis
915 1092 986 1150 uteis
1004 1091 1159 1149 confestim
1170 1110 1207 1148 en

222 1181 293 1241 urbe
312 1181 526 1259 proficiscerer,
541 1186 695 1258 usquequo
714 1177 749 1237 ab
768 1176 832 1258 ipso
850 1176 995 1246 audirem,
1024 1175 1140 1255 quaudo
1158 1195 1206 1235 re·

220 1265 283 1325 dire
302 1264 449 1325 deberem.
498 1264 604 1338 Quibus
622 1262 726 1322 auditis
745 1258 904 1322 credidisse
922 1261 1019 1320 aiebat
1035 1262 1146 1332 virum,
1176 1271 1207 1320 et

219 1349 348 1410 Athenas
367 1369 399 1409 se
418 1345 538 1427 geminis
558 1365 619 1407 enm
643 1345 742 1407 liberis
769 1348 899 1406 emisisse
926 1346 996 1405 inibi
1023 1345 1204 1415 erudiendis,

220 1435 272 1498 sed
289 1445 458 1514 tempestate
478 1435 559 1513 gravi
578 1432 614 1492 ad
632 1431 705 1492 banc
718 1431 843 1515 ¹insulam
861 1431 951 1491 luisse
970 1430 1127 1510 depulsos,
1157 1431 1207 1490 ubi

220 1522 370 1580 conlraeta
388 1521 452 1579 navi
470 1540 502 1578 se
520 1521 606 1578 lluetu
635 1533 782 1578 excussam
810 1536 896 1595 supra
922 1535 1021 1575 saxum
1049 1515 1204 1595 quoddam,

222 1605 258 1664 ob
276 1605 332 1664 hoe
352 1605 441 1663 solum
460 1615 580 1662 mortem
600 1602 755 1674 distulisse,
777 1601 887 1672 donec,
916 1599 1017 1680 inquit,
1046 1601 1206 1662 infelicium

219 1700 349 1748 natorum
368 1704 495 1748 meorum
514 1685 613 1747 saltem
633 1691 762 1746 emortua
779 1687 907 1746 membra
925 1686 1150 1764 complecterer,
1171 1707 1205 1746 ac

220 1775 382 1852 sepulturae
401 1771 575 1834 mandarem.
621 1773 681 1832 Sed
698 1792 761 1830 eum
781 1771 844 1831 dies
862 1770 965 1830 luisset
974 1781 1093 1830 exortus
1103 1783 1134 1830 et
1144 1784 1206 1832 tur·

219 1858 274 1917 bae
293 1861 505 1929 convenissent,
526 1859 711 1917 miseratione
730 1854 799 1916 moti
817 1854 1004 1936 proiecerunt
1025 1857 1094 1915 mibi
1121 1856 1206 1917 indu·

219 1953 355 2002 mentum.
400 1939 441 2000 At
459 1958 515 2020 ego
534 1941 639 2001 infelix*
653 1942 767 2000 fletibus
785 1941 878 2000 multis
897 1942 1033 2020 rogabam
1057 1953 1088 2000 ut
1105 1945 1205 2022 requi·

219 2037 329 2096 rereut,
351 2025 442 2086 sicubi
460 2024 615 2085 infelicium
635 2038 766 2085 natorum
793 2029 904 2106 possint
925 2026 1056 2086 invenire
1084 2047 1205 2106 eorpus-

220 2113 294 2170 cula.
324 2110 491 2189 Egoautem
502 2130 584 2170 omne
596 2130 701 2190 eorpus
719 2131 811 2170 meum
821 2111 953 2170 dentibus
963 2110 1084 2182 lanians,
1104 2113 1206 2190 planc-

218 2198 293 2257 tibus
312 2208 342 2256 et
363 2196 513 2256 ululatibus
533 2192 602 2255 nibil
621 2195 698 2256 aliud
716 2198 873 2257 clamabam
891 2199 956 2270 nisi,
976 2198 1025 2257 ubi
1043 2198 1112 2256 mihi
1129 2200 1205 2259 inle-

218 2284 267 2342 lici
286 2282 403 2341 Faustus
423 2294 477 2354 est,
497 2283 545 2342 ubi
564 2282 732 2347 Faustinust
1126 2352 1134 2357 ,

261 2366 319 2427 98.
365 2363 402 2426 Et
421 2385 483 2426 eum
501 2362 574 2427 baec
594 2366 707 2428 diceret
724 2368 838 2440 Petrus,
858 2367 964 2429 Niceta
982 2380 1014 2427 et
1029 2367 1135 2447 Aquila
1152 2386 1201 2429 su·

217 2453 278 2526 bito
297 2451 453 2529 adsurgunt
471 2462 501 2511 et
518 2450 673 2531 stupefacti
691 2453 853 2532 perturbari
871 2464 1032 2533 coeperunt
1050 2453 1198 2514 diceutesa

219 2536 387 2597 Dominator
406 2534 519 2597 domine
539 2548 568 2597 et
586 2537 656 2597 deus
676 2540 810 2610 omnium,
830 2556 937 2598 verane
956 2538 1029 2597 baec
1055 2550 1137 2610 suut,
1165 2556 1202 2598 aa
1308 2595 1309 2604 ,

218 2624 355 2681 somnium
375 2634 419 2681 est
436 2620 512 2701 quod
526 2624 640 2701 agitur?
656 2623 726 2682 Tum
737 2623 855 2682 Petrus:
875 2622 951 2695 Nisi,
972 2626 1074 2702 inquit,
1095 2626 1202 2683 nosin»

218 2708 280 2764 saui
298 2726 404 2779 sumus,
425 2708 497 2769 haec
516 2722 586 2767 vera
603 2718 679 2768 sunt.
725 2706 766 2766 At
784 2707 824 2765 llli
843 2709 984 2787 paululum
1014 2712 1153 2768 remorati
1172 2717 1202 2769 et

219 2791 414 2850 confricantes
433 2793 548 2863 laciem,
576 2793 670 2853 aiunt:
700 2792 763 2851 Nos
790 2811 884 2851 sumus
911 2792 1062 2853 Faustinus
1081 2806 1111 2853 et
1129 2794 1202 2853 Fau·

218 2884 289 2933 stus.
337 2874 395 2934 Sed
415 2886 445 2934 et
461 2876 496 2935 ab
515 2876 597 2935 initio
616 2896 680 2936 cum
698 2894 819 2936 narrare
838 2873 971 2957 coepisti,
992 2880 1087 2937 statim
1105 2880 1134 2937 iu
1153 2899 1201 2939 su·

218 2960 375 3037 opinionem
393 2961 558 3033 incidimus,
588 2982 624 3021 ne
643 2962 720 3022 iorte
739 2956 776 3021 ad
794 2982 847 3021 nos
865 2964 1047 3041 pertinerent
1063 2984 1138 3043 qnae
1156 2963 1201 3022 di·

218 3043 372 3117 eebantur3
392 3064 489 3105 rursus
506 3058 600 3106 temen
620 3047 837 3107 considerantes
855 3048 941 3107 multa
950 3050 1054 3108 similia
1063 3048 1201 3109 accidere

217 3129 246 3185 in
264 3129 323 3187 vita
340 3129 493 3201 bominum,
513 3132 690 3206 reticuimus,
711 3134 780 3193 licet
797 3152 850 3191 eor
873 3145 1000 3193 nostrum
1026 3154 1080 3213 spe
1106 3135 1202 3213 aliqua
1308 3127 1309 3192 J

217 3212 389 3290 pulsaretur.
435 3212 673 3297 Adspiciebamus
685 3239 764 3297 ergo
785 3216 824 3276 ad
841 3216 926 3277 linem
945 3220 1099 3291 sermonis,
1127 3230 1159 3279 ut
1176 3222 1201 3278 si

217 3296 252 3354 ed
262 3296 404 3375 integrum
415 3298 451 3358 de
462 3301 544 3359 uobis
555 3320 619 3359 esse
630 3312 792 3375 constaret,
810 3312 871 3362 tum
885 3298 1053 3364 fateremur·
1079 3304 1118 3363 Et
1136 3324 1200 3363 eum

216 3380 289 3439 haee
300 3379 449 3455 dixissent,
470 3386 652 3444 lacrimantes
662 3386 899 3465 ingrediebantur
907 3383 945 3447 ad
958 3402 1088 3448 matrem.
1111 3390 1202 3463 Quam

218 3484 280 3523 eum
299 3468 476 3542 reperissent
495 3471 690 3547 quiescentem
709 3484 739 3531 et
748 3471 902 3551 complecti
913 3474 1032 3545 vellent,
1053 3474 1201 3553 probibuit

217 3548 318 3608 Petrus
338 3548 451 3610 dicens:
473 3553 565 3612 Sinite
584 3574 629 3613 me
647 3558 726 3634 prius
744 3576 919 3636 praeparare
938 3560 1156 3619 nuimosmatris
1170 3568 1202 3619 et

164 3686 168 3691 .
217 3636 257 3693 ita
273 3654 325 3693 vos
342 3635 447 3696 afferre
467 3640 505 3709 ei,
526 3658 562 3697 ue
582 3642 657 3699 lorte
676 3643 763 3701 multo
791 3654 821 3703 et
847 3641 941 3702 subito
969 3643 1076 3721 gaudio
1103 3655 1200 3704 mente

217 3718 333 3779 excidat
351 3729 380 3777 et
398 3740 497 3781 seusus
516 3724 577 3781 eius
596 3726 739 3799 turbetur,
768 3728 889 3788 maxime
917 3730 983 3808 quia
1010 3749 1085 3788 nune
1113 3732 1199 3789 etiam

217 3824 316 3863 somno
335 3816 474 3883 occupata
491 3818 597 3885 stupet.

258 3889 314 3948 99.
362 3889 453 3967 igitur
470 3890 517 3948 ubi
536 3902 627 3950 mater
645 3900 808 3957 exsurrexit
827 3910 844 3956 e
862 3918 980 3970 somno,
1009 3900 1117 3979 alloqui
1136 3920 1199 3959 eam
