2634 4400
604 297 649 362 dl

519 393 734 407 *unu—-

136 502 228 568 elatas
247 501 356 566 addidit
374 508 459 566 etiarn
488 505 575 566 haec:
606 507 750 585 Propitius
775 506 856 566 vobis
882 508 1050 577 iaumnf
1063 525 1116 584 pro

136 595 242 652 allecta
271 611 353 670 quern
382 609 456 669 erga
482 612 527 650 me
551 589 633 650 deum
656 594 776 668 geritis,
798 611 841 650 me
861 594 935 650 enirn
963 590 1117 668 diligentes
1168 594 1170 598 ’
1197 664 1200 671 .

135 677 326 748 nesciebatis,
348 688 378 735 ct
395 697 439 735 me
459 686 632 755 quaerentes
659 676 848 753 ignorabatis.
878 676 939 734 Sed
956 677 1024 735 noto
1036 675 1118 734 dnbi-

135 765 215 832 tetis‚
237 763 301 840 quia
320 761 375 819 hoe
398 773 443 820 est
460 777 529 820 vere
548 759 631 819 derum
650 781 726 832 csse,
739 781 810 819 -emn
829 772 925 838 potest
942 762 1118 841 quisparvus

122 847 227 918 'ellici
246 844 291 904 vel
310 864 439 922 magnus,
460 848 484 904 si
502 846 636 917 vetuerit,
657 863 720 904 nam
740 865 852 924 quoquo
871 845 956 902 modo
975 863 1118 922 apparere

135 931 296 990 honrinibus
321 941 465 1008 poteram.
520 930 604 988 Nunc
631 951 704 1008 crgo
731 932 863 1008 incipiam
895 930 976 988 vohis
1003 918 1118 1008 atterite

136 1014 212 1094 quod
231 1034 328 1074 verum
348 1024 401 1073 ost.
448 1015 512 1092 Ego
531 1017 635 1074 uirtute
653 1035 718 1074 mea
736 1014 858 1093 quodam
876 1026 1005 1092 tempore
1019 1023 1117 1072 aerem

135 1112 252 1160 vertens
271 1101 299 1157 in
318 1117 429 1178 aquam,
451 1111 480 1158 et
498 1120 598 1178 aquam
616 1115 715 1158 rursus
734 1100 762 1157 in
780 1101 958 1176 sanguinem,
988 1117 1118 1157 earnem-

136 1205 192 1264 quc
211 1182 348 1256 solidans,
369 1199 471 1263 novum
490 1179 630 1243 hominem
646 1186 906 1264 puerumiormavi,
927 1195 1119 1261 etopuscon-

136 1270 232 1328 ditare
251 1268 306 1328 deo
325 1271 412 1328 multo
432 1269 553 1328 nobilius
571 1265 689 1348 protuli.
737 1269 788 1327 llle
806 1271 881 1327 enim
900 1269 1011 1327 crearit
1027 1267 1119 1326 limni-

136 1372 200 1413 nem
217 1371 245 1413 ¹e
273 1355 362 1426 terra,
392 1372 448 1432 ego
476 1365 582 1426 autem,
612 1353 688 1432 quod
715 1365 759 1413 est
785 1352 941 1423 difficilius,
970 1373 1008 1410 ex
1035 1373 1117 1422 acre,

136 1458 278 1518 quemque
296 1459 393 1501 rursus
411 1440 559 1498 resolvens
577 1441 638 1497 aeri
657 1435 782 1508 reddidi,
802 1440 929 1515 speciem
948 1448 1042 1494 tannen
1058 1438 1120 1495 eius

136 1527 346 1602 imaginemque
374 1523 516 1605 depictam
540 1525 567 1581 in
597 1525 737 1582 interiore
764 1521 897 1582 cubiculo
916 1522 1069 1590 collocavi,
1090 1531 1121 1579 ut

136 1621 216 1668 esset
235 1608 366 1668 indicium
386 1627 421 1667 ac
440 1610 577 1667 memoria
594 1609 693 1686 operis
711 1609 778 1666 mci.
825 1606 904 1664 llaec
922 1617 1016 1665 autem
1035 1606 1120 1663 iutel-

137 1690 298 1771 tigeaanus
316 1713 380 1752 eum
398 1693 499 1753 dicere
517 1713 570 1772 pro
589 1712 680 1772 puero
699 1692 761 1763 illo,
782 1693 863 1750 cuius
880 1692 908 1750 vi
935 1691 1041 1749 necati·
1058 1691 1120 1748 aui·
1174 1700 1185 1722 ⁰

137 1800 192 1850 nra,
214 1777 250 1837 ad
269 1799 303 1837 ca
323 1799 395 1857 quae
413 1778 528 1838 volebat
546 1779 715 1849 ministeria,
735 1776 879 1838 utebatur.
1172 1789 1176 1794 ’

131 1892 136 1903 ·
161 1860 262 1922 ·lli.'·‘
283 1863 385 1922 Petrus
402 1883 473 1922 vero
492 1863 563 1922 haec
582 1860 701 1922 audiens
724 1881 788 1920 cnm
805 1862 931 1920 lacrimis
953 1861 1008 1919 ait:
1028 1857 1122 1920 lliror

137 1941 287 2007 admodum
307 1949 468 2006 immensam
488 1946 535 2007 dei
553 1945 732 2027 patientiam,
753 1957 783 2006 et
800 1965 818 2005 e
835 1947 983 2004 contrario
1002 1946 1030 2003 in
1049 1965 1121 2002 non·

139 2034 222 2092 nullis
240 2034 378 2092 humanae
396 2033 567 2092 temeritatis
584 2031 744 2091 audaciam.
793 2029 872 2104 Quae
889 2031 966 2089 enim
984 2031 1059 2088 ratio
1076 2031 1121 2087 in-

137 2120 230 2178 veniri
248 2119 323 2176 ultra
341 2119 460 2196 poterit,
481 2137 554 2196 quae
573 2116 683 2175 Simoni
700 2112 839 2188 suadeat‚'
853 2113 927 2193 quod
947 2113 1025 2173 Deus
1047 2112 1121 2172 iudi·
1194 2151 1199 2159 ι

138 2212 188 2262 eet
206 2204 329 2282 iniquos,
351 2221 414 2261 curn
433 2205 493 2282 ipse
512 2202 566 2261 sibi
593 2201 761 2281 persuadet,
782 2200 858 2279 quod
876 2202 1031 2258 animarum
1050 2198 1121 2258 olne-

139 2288 247 2346 dientia
264 2287 300 2346 ad
318 2287 460 2347 scelernm
479 2306 593 2345 suorum
620 2297 717 2345 utatur
743 2287 948 2344 ministerium?
967 2302 999 2341 re
1026 2293 1120 2341 autern
1154 2298 1157 2303 ·

137 2393 209 2431 vcra
226 2392 243 2431 a
262 2371 448 2431 daemonibus
462 2369 608 2444 illuditur3
625 2373 652 2443 ¹)
681 2381 776 2430 tamen
803 2388 866 2427 cum
894 2386 948 2446 per
965 2368 1037 2425 haec
1060 2368 1122 2444 ipsa

139 2468 237 2516 certus
253 2460 302 2529 sit,
324 2456 400 2535 quod
417 2456 592 2515 immortales
610 2464 677 2513 sunt
699 2456 812 2513 animae
836 2464 868 2511 et
885 2450 1048 2511 indicantur
1068 2471 1120 2529 pro

138 2542 275 2621 hisquae
294 2544 449 2620 gesserint,
470 2542 564 2620 etqui
584 2560 615 2599 se
634 2547 716 2619 putet
732 2558 765 2598 re
784 2541 846 2617 ipsa
863 2535 963 2596 ridere
990 2556 1026 2595 ea
1047 2547 1121 2615 qnae

139 2624 440 2698 aestumatum,
470 2627 611 2705 quamvis,
640 2622 760 2697 uldini,
789 2622 923 2682 illudatur
939 2642 957 2680 a
974 2619 1122 2680 daemoni-

138 2712 204 2782 bus,
225 2723 318 2770 mmet
336 2712 493 2771 arbitratur
509 2730 541 2770 se
560 2712 648 2794 ipsam
667 2706 897 2769 animae‘viderc
920 2706 1118 2765 substantiam.
1161 2716 1169 2727 ’

140 2792 259 2869 Quando
278 2796 337 2869 tric,
358 2798 487 2875 inquam,
517 2795 655 2854 fatebitur
672 2796 718 2854 vel
737 2794 809 2852 male
825 2806 860 2852 se
877 2812 967 2870 agere
994 2792 1023 2849 in
1042 2801 1121 2850 muto

138 2882 213 2939 maio
233 2880 353 2959 positus,
380 2883 427 2941 vel
456 2878 635 2939 indicandum
661 2900 695 2939 se
721 2898 778 2957 pro
793 2879 836 2937 ltis
855 2896 928 2956 qaae
947 2877 1053 2954 egerit,
1074 2878 1121 2954 qui

139 2968 237 3023 aciens
256 2964 303 3023 dei
322 2964 457 3025 iudicium
480 2967 638 3023 contemnit
665 2976 695 3023 ct
713 2966 855 3022 inimicum
873 2982 906 3021 sc
924 2958 1119 3031 extribetdeo,

138 3062 171 3109 et
187 3045 275 3108 audet
292 3057 349 3106 tam
367 3045 492 3109 nefanda
509 3049 708 3107 committeret
728 3047 808 3106 Unde
819 3056 995 3115 certamem,
1015 3045 1122 3103 iratres

137 3136 208 3203 mei,
229 3133 379 3191 nonnullos
396 3134 511 3191 veritati
529 3152 564 3189 ac
582 3133 717 3208 religioni
735 3130 783 3189 aei
801 3152 857 3190 nou
876 3130 942 3188 ideo
959 3128 1120 3197 adversari,

139 3216 218 3297 quod
236 3218 279 3275 eis
298 3215 364 3275 tidci
383 3219 456 3276 ratio
477 3236 653 3295 nequaquam
672 3226 807 3273 constare
823 3214 964 3284 videatur,
985 3210 1036 3271 sed
1055 3213 1122 3289 quin

140 3316 190 3366 aet
207 3304 354 3361 nimietate
372 3313 557 3381 peccatorum
567 3298 698 3372 involuti,
719 3309 768 3357 aut
785 3300 865 3357 malis
892 3299 951 3355 suis
972 3296 1149 3376 praeventi-

142 3400 173 3447 et
190 3400 305 3446 turmore
322 3386 418 3445 cordis
438 3388 504 3445 clati
524 3398 599 3457 sunt,
620 3388 659 3445 ita
676 3396 708 3443 ut
726 3403 780 3442 nec
798 3404 832 3443 ea
851 3382 964 3463 quidem
988 3380 1119 3452 credant,

141 3492 214 3551 quae
234 3473 325 3531 oculis
343 3473 401 3530 suis
419 3464 452 3531 se⁴
467 3469 567 3530 videre
586 3470 769 3529 arbitrantur.
871 3537 875 3545 ι

119 3583 124 3592 ·
187 3557 239 3615 17.
285 3557 393 3617 Verum
404 3558 533 3635 quoniam
545 3557 673 3633 ingenita
683 3574 753 3631 erga
772 3552 854 3613 deum
865 3551 1043 3611 conditorem
1062 3552 1123 3607 sul-

143 3640 422 3713 ltcore'adsalutcm
440 3640 590 3701 videbatur
607 3640 789 3711 allectionis,
809 3640 856 3717 qui
871 3636 1026 3714 diligerent
1045 3654 1120 3705 eum,

143 3820 356 3831 Q

183 3914 207 3975 ¹)
226 3916 340 3962 Tamen
357 3942 391 3949 —
410 3914 617 3963 substantiam
636 3916 728 3972 desunt
746 3913 771 3959 in
791 3912 862 3958 codd.
880 3911 949 3969 Lips.
973 3960 978 3968 k
