2634 4400
646 348 715 411 258

487 445 493 453 ⁴
576 442 791 456 ————-=-

193 548 363 635 Cupidinem
382 554 655 637 concupiscentiam,
686 573 758 634 quae
777 554 853 613 inest
870 550 956 613 rebus
975 553 1103 613 omnibus
1122 573 1175 634 per

193 657 275 718 emam
285 641 440 719 posteritas
451 651 613 718 reparatur,
633 640 679 698 vei
691 642 775 698 etiam
785 658 881 699 rerum
890 640 965 699 ratio
976 658 1049 719 quae
1060 642 1175 718 sapien-

191 736 237 783 ter
255 726 385 804 inspecta
404 723 539 784 delectat.
588 724 676 796 Hera,
698 721 727 783 id
746 735 791 783 est
808 725 890 796 Iuno,
911 744 963 783 aer
981 727 1036 785 iste
1050 724 1171 796 medius,

192 811 238 889 qui
258 808 293 869 de
314 811 397 869 coelo
416 830 505 893 usque
525 809 561 869 ad
580 822 686 869 terram
706 808 866 882 deseendit,
888 812 1015 889 ponitur.
1048 809 1172 888 Dianae,

192 915 273 979 quam
301 896 389 975 ipsam
417 894 616 975 Proserpinam
644 893 758 965 dieunt,
788 915 885 954 acrem
913 893 1017 966 inferni
1044 895 1171 955 tradunt.

190 980 352 1059 Apollinem
371 982 462 1061 ipsum
481 982 565 1039 ctiam
585 977 674 1039 solem
694 979 801 1051 dieunt,
822 983 1046 1041 circumeuntem
1060 982 1172 1059 poium3

189 1065 362 1124 Mercurium
380 1066 509 1136 verbum,
531 1086 585 1146 qno
604 1067 678 1123 ratio
698 1060 734 1124 de
753 1066 871 1143 singulis
890 1066 1047 1146 quibusque
1069 1064 1175 1124 redda-

190 1161 252 1222 tur3
278 1150 397 1217 Martem
425 1152 642 1230 intemperatum
671 1151 777 1227 ignem,
807 1153 854 1229 qui
881 1161 985 1210 cuncta
1012 1161 1171 1210 consumat.

191 1233 250 1293 Sed
268 1255 304 1293 ue
323 1236 435 1313 singula
454 1234 647 1295 enumerando
666 1236 859 1307 immoremur,
880 1236 915 1295 ud
931 1236 1173 1313 bancailegoriae

190 1322 316 1398 speeiem
341 1318 376 1381 de
405 1340 575 1401 unoquoque
595 1340 696 1379 eorum
714 1340 786 1400 qnos
804 1322 912 1393 colunt,
942 1322 971 1380 bi
999 1321 1099 1400 quibus
1125 1341 1174 1380 se·

190 1408 300 1464 cretior
318 1405 353 1467 de
373 1406 475 1466 talibus
493 1408 569 1467 inest
588 1407 703 1485 peritia,
723 1405 1176 1467 honestassibividenturetius·

190 1502 233 1551 tas
252 1488 375 1551 reddere
395 1493 532 1551 rationes.

231 1608 287 1669 55.
335 1609 413 1670 Haec
433 1628 495 1670 cum
514 1608 761 1682 Nicetadisisset,
781 1609 1059 1693 Aquiiarespondit:
1081 1611 1173 1671 Valde

189 1694 257 1755 mibi
275 1695 389 1755 ridetur
407 1698 532 1776 quisquis
551 1697 600 1756 iiie
619 1696 663 1756 cst
682 1709 785 1756 auctor
802 1709 832 1756 et
845 1698 1100 1769 iuventorborum‚
1121 1699 1173 1757 im-

189 1780 252 1860 pius
272 1782 427 1853 exstitisse,
448 1783 472 1841 si
491 1782 562 1841 baec
582 1802 654 1864 quae
674 1792 755 1861 grata
775 1794 804 1842 et
822 1783 942 1842 honesta
959 1782 1092 1842 videntur
1107 1783 1173 1840 abs-

190 1864 303 1937 condit,
334 1877 364 1925 et
382 1868 593 1946 superstitionis
612 1887 680 1928 suae
699 1868 783 1926 ritum
802 1870 831 1927 in
850 1867 1037 1927 dedecorosis
1056 1880 1086 1926 et
1113 1879 1173 1927 tur-

189 1950 271 2029 pibus
291 1950 480 2010 observantiis
500 1951 663 2024 coiioeavit,
685 1971 748 2011 cum
768 1973 802 2013 ea
826 1974 898 2034 quae
926 1952 1078 2014 seeundum
1107 1955 1172 2011 iite-

188 2056 248 2093 ram
267 2037 374 2114 scripta
393 2048 477 2107 sunt,
506 2039 657 2097 manifeste
681 2039 832 2097 inhonesta
858 2040 918 2098 sint'
942 2050 971 2097 ct
999 2041 1113 2117 turpia,
1144 2048 1173 2096 et

188 2128 249 2179 tota
267 2120 417 2200 religionis
438 2139 536 2180 eorum
556 2122 786 2182 observantiam
806 2125 875 2204 ipsis
903 2134 1031 2193 constet,
1061 2135 1092 2182 ut
1119 2141 1172 2203 per

188 2207 347 2266 huiusmodi
366 2199 486 2268 s'eeiera'
498 2220 527 2267 et
545 2210 707 2288 impietates
726 2209 797 2268 deos
815 2230 881 2269 suos
901 2231 971 2291 quos
990 2210 1098 2281 colunt,
1120 2208 1171 2268 do·

188 2304 275 2352 ceant
293 2293 408 2353 imitari.
454 2291 527 2353 Nam
545 2296 573 2352 in
593 2296 654 2354 istis
673 2295 821 2373 allegoriis
840 2315 913 2375 quae
924 2297 967 2354 cis
980 2296 1087 2354 utilitas
1098 2295 1172 2353 erit?

189 2387 262 2457 quae
281 2380 405 2457 quamvis
424 2379 562 2438 honestae
582 2379 737 2458 finguntur,
759 2381 850 2440 nuilus
868 2391 962 2439 tameu
990 2400 1027 2439 ex
1054 2380 1096 2439 eis
1124 2390 1172 2438 aut

187 2471 254 2523 u'sus
273 2461 308 2523 ad
327 2464 430 2540 eultqm
449 2465 580 2544 pervenit
597 2477 646 2524 aut
665 2465 701 2533 ad
719 2485 814 2525 utores
833 2464 1005 2525 emendatio.

230 2600 286 2660 56.
333 2599 414 2660 Unde
432 2604 523 2680 magis
542 2613 666 2676 constat,
688 2601 763 2680 quod
781 2602 938 2681 prudentes
964 2602 1018 2660 viri
1043 2621 1105 2661 cum
1128 2603 1173 2659 vi·

189 2684 291 2747 decent
310 2705 486 2746 communem
505 2689 736 2767 superstitionem
754 2699 811 2746 tam
829 2687 997 2766 probrosam
1016 2707 1094 2759 esse,
1114 2698 1171 2745 mm

188 2782 310 2848 turpem,
331 2791 385 2830 uec
404 2782 497 2831 tamen
517 2773 685 2850 normgeudi
702 2771 815 2831 modum
833 2773 1009 2852 aliquemne!
1021 2774 1171 2832 seientiam

189 2855 369 2928 didicissent,
391 2856 491 2934 quibus
509 2868 664 2938 potuerunt
681 2859 857 2935 argumentis
876 2869 906 2918 et
923 2859 1172 2936 interpretationi·

186 2941 239 2998 bns
259 2942 355 2998 conati
374 2951 438 2999 sunt
456 2961 504 3000 res
523 2941 689 3002 inhonestas
707 2942 830 3002 honesto
849 2960 983 3002 sermone
1001 2944 1117 3014 vedare,
1142 2953 1172 3001 et
1221 2977 1234 2996 a

187 3046 243 3086 non
262 3037 293 3085 ut
308 3024 415 3098 dieunt,
436 3027 571 3087 honestas
585 3030 715 3088 rationes
724 3029 882 3088 inhonestis
892 3028 995 3087 inbutis
1005 3029 1169 3100 occultare,

188 3110 305 3191 quodsi
324 3123 412 3183 esset,
434 3133 572 3192 uunquam
591 3116 689 3194 utique
707 3115 767 3193 ipsa
786 3134 883 3173 eorum
911 3114 1063 3172 siruniaera
1085 3123 1171 3191 atque

187 3193 266 3276 ipsae
286 3195 321 3256 de
342 3197 383 3256 eis
412 3199 540 3276 picturae
565 3217 626 3258 cum
645 3200 703 3258 suis
723 3199 801 3258 vitiis
817 3210 847 3257 et
874 3196 1037 3257 criminibus
1065 3199 1171 3256 torma-

186 3293 297 3342 reutur.
344 3281 411 3340 Non
430 3303 539 3363 cygnus
558 3283 671 3343 adulter
680 3282 790 3355 Ledae,
811 3301 865 3342 nec
883 3295 979 3342 murus
998 3284 1172 3341 formaretur

186 3366 334 3446 Europae,
355 3377 384 3425 et
402 3369 430 3425 in
450 3369 525 3426 mille
544 3381 671 3428 monstra
690 3387 765 3439 eum,
787 3387 870 3447 quem
895 3377 995 3453 putant
1022 3367 1171 3425 meliorem

188 3451 328 3520 omnibus,
348 3463 507 3510 verterent.
555 3452 636 3524 Quod
654 3453 752 3532 utique
764 3453 894 3527 simagui
909 3463 939 3512 et
956 3453 1103 3534 sapientes
1123 3452 1170 3530 qui

188 3547 252 3596 sunt
270 3533 345 3615 apud
364 3554 415 3594 eos
432 3536 497 3606 viri,
519 3537 614 3595 fictum
638 3537 748 3597 scirent
775 3557 839 3597 esse
859 3559 916 3596 non
935 3557 1045 3609 verum,
1074 3555 1170 3596 nonne

187 3621 341 3702 impietatis
360 3631 516 3698 arguerent
534 3632 564 3681 et
582 3623 727 3700 sacrilegii
747 3643 811 3695 cos,
831 3625 877 3702 qui
896 3621 932 3683 ad
950 3623 1081 3682 iniuriam
1099 3620 1171 3680 deo-

187 3727 247 3766 rnm
259 3705 418 3766 huiusmodi
428 3715 477 3764 aut
494 3706 632 3783 picturam
651 3718 795 3786 ponerent
812 3719 861 3766 aut
879 3709 1046 3786 sculperent
1055 3707 1170 3765 simula-

188 3797 256 3851 cra?
283 3791 414 3870 Denique
437 3809 537 3868 regem
563 3794 700 3869 temporis
727 3795 770 3851 sui
789 3791 945 3872 depingant
963 3793 991 3850 iu
1009 3791 1091 3851 bovis
1109 3793 1170 3850 ior-

186 3883 243 3946 uia,
263 3876 309 3934 vei
327 3874 449 3943 anseris,
463 3874 516 3932 reb
534 3877 684 3947 formicae,
706 3876 750 3934 vei
768 3876 898 3948 vulturis,
928 3887 958 3934 et
976 3877 1105 3935 scribant
1122 3896 1169 3935 su·

187 3975 242 4037 per
258 3959 337 4035 regis
356 3957 399 4015 sui
417 3976 532 4030 nomen,
553 3970 638 4039 atque
657 3959 817 4020 huiusmodi
834 3961 881 4020 vel
900 3959 1019 4020 statuam
1032 3961 1080 4023 rel
1098 3962 1168 4021 ima·
