2634 4400
672 294 736 356 did

214 522 286 583 quae
305 503 474 583 ignorantur
491 500 628 559 inveniet.
644 496 675 581 ¹)
715 498 786 558 Tum
804 518 878 579 ergo
896 498 1003 559 Niceta
1027 500 1200 579 respondite

213 586 280 649 Non
298 607 344 647 me
362 588 508 658 aestimes,
532 596 631 665 pater,
651 596 763 643 temere
780 584 901 656 iecisse,
929 584 1005 663 quod
1023 587 1132 644 inserui
1148 604 1201 645 me

213 672 391 732 sermonibus
409 670 514 731 domini
534 672 589 729 mei
608 668 698 743 Petri,
718 668 771 729 sed
796 672 889 748 magis
914 690 967 749 pro
994 670 1106 730 bonore
1133 673 1200 730 eius

212 758 267 817 boc
287 758 352 816 mibi
371 756 471 815 iacere
489 756 565 815 risus
588 774 659 814 sum.
707 754 799 813 Homo
826 756 901 814 enim
929 754 977 814 dci
1003 765 1064 826 est,
1093 756 1199 834 plenus

211 840 300 901 totius
317 844 468 912 scientiae,
489 860 571 920 quem
590 858 626 899 ue
645 859 752 917 graeca
763 838 875 918 quidem
885 840 957 898 latet
971 838 1107 909 eruditio,
1128 842 1200 919 quia

211 928 314 1007 spiritu
333 926 379 985 dei
398 927 525 1005 repletus
543 936 588 985 est
606 944 688 1004 quem
708 925 777 984 nibii
794 926 876 984 latet.
921 924 983 984 Sed
1001 927 1067 1005 qnia
1084 927 1147 1003 ipse
1158 928 1198 984 de

212 1010 386 1071 coelestibus
404 1010 481 1089 loqui
500 1012 647 1081 convenit,
668 1030 725 1088 ego
744 1008 781 1068 de
799 1010 844 1069 bis
861 1030 935 1089 qnae
961 1010 998 1068 ad
1016 1010 1198 1069 Graecorum

211 1098 413 1175 loquacitatem
431 1097 587 1173 pertinent,
607 1091 804 1174 respondebo.
850 1094 957 1154 Postea
981 1115 1053 1154 vero
1075 1114 1159 1173 quam
1178 1114 1198 1153 a

210 1183 294 1240 nobis
312 1178 488 1239 Graecorum
507 1199 587 1239 more
606 1182 694 1239 inerit
712 1178 898 1258 disputatum,
918 1190 1004 1258 atque
1022 1180 1059 1239 ad
1077 1180 1107 1237 id
1124 1200 1198 1238 ven-

210 1274 280 1336 tum,
300 1264 348 1323 ubi
367 1268 460 1324 exitus
479 1266 570 1324 nulius
587 1274 736 1345 appareat,
755 1275 823 1323 tunc
842 1266 906 1344 ipse
924 1264 1198 1344 quasiscientiadei

211 1352 351 1430 repictus,
371 1361 471 1431 aperte
491 1361 520 1410 et
532 1349 663 1409 dilucide
680 1370 777 1409 rerum
794 1348 877 1409 nobis
896 1351 1019 1408 omnium
1037 1350 1198 1428 patefaciet

210 1438 373 1508 ueritatem,
393 1447 425 1495 ut
442 1456 498 1494 nou
517 1436 606 1494 scium
625 1455 690 1507 uos,
709 1432 763 1494 sed
781 1446 811 1494 et
828 1454 928 1494 omnes
946 1436 1122 1514 quipraesto
1129 1446 1200 1493 sunt

210 1520 368 1594 auditores,
397 1522 471 1579 dam
496 1522 627 1580 ueritatis
653 1531 824 1599 agnoscant.
869 1520 908 1581 Et
931 1519 1002 1579 ideo
1029 1539 1105 1578 nune
1131 1522 1198 1598 ipse

210 1608 290 1686 'quasi
308 1607 419 1665 arbiter
436 1604 547 1676 sedeat,
567 1617 599 1664 ut
616 1625 681 1665 eum
697 1626 770 1664 unus
787 1606 890 1684 aliquis
908 1625 947 1664 ex
964 1605 1047 1663 nobis
1057 1607 1194 1676 cesserit,

209 1698 277 1751 tuuc
295 1693 357 1771 ipse
376 1692 536 1769 suscipiens
553 1690 739 1749 indubitatam
757 1692 927 1750 sententiam
946 1690 1032 1749 ierat.

250 1775 285 1835 6.
333 1776 412 1835 Haec
431 1796 494 1835 cum
513 1774 633 1834 dixisset
651 1774 769 1847 Niceta,
789 1775 820 1834 bi
837 1777 885 1854 qui
903 1776 1198 1835 convenerantinter

209 1862 380 1940 semetipsos
398 1860 651 1939 coiioquebantur:
672 1860 764 1920 Hieme
782 1870 828 1919 est
845 1861 894 1919 iiie
912 1872 996 1939 quem
1009 1859 1196 1919 audiebamus

209 1944 323 2017 Petrus,
344 1946 419 2003 iliius
437 1948 484 2024 qui
504 1947 532 2004 im
561 1943 668 2004 ludaea
694 1947 825 2025 apparuit
850 1956 882 2004 et
907 1948 990 2024 signa
1010 1964 1047 2003 ac
1072 1948 1196 2005 virtutes

115 2056 141 2105 g„
207 2031 342 2110 'plurimas
360 2030 442 2100 iecit,
463 2028 617 2109 discipulus
636 2029 872 2108 probatissimus?
896 2030 935 2089 lit
960 2029 1145 2089 intendentes
1163 2032 1195 2089 in

209 2135 284 2187 eum,
306 2132 369 2174 cum
387 2116 490 2174 timore
508 2134 543 2173 ac
561 2116 750 2174 veneratione
766 2117 879 2194 ingenti
897 2109 1031 2187 stabant,
1059 2126 1194 2194 tanqum

206 2202 276 2261 boni
294 2202 370 2262 servi
388 2202 528 2260 bonorem
547 2200 662 2260 domino
681 2200 858 2261 deferentes.
904 2200 989 2275 Quod
1014 2201 1063 2260 ubi
1089 2201 1194 2262 Petrus

208 2290 308 2360 sensit,
329 2289 369 2346 ait
386 2285 422 2346 ad
441 2306 509 2347 eos:
528 2285 674 2346 Attentins
692 2285 848 2358 audiamus,
867 2299 979 2346 rectum
996 2298 1131 2346 tenentes
1148 2288 1195 2345 iu·

208 2371 312 2432 dicium
340 2371 377 2432 dc
403 2373 447 2431 bis
473 2391 546 2452 quac
574 2371 708 2432 dicentur
724 2373 761 2431 ab
779 2383 913 2450 utroque,
934 2383 964 2431 et
982 2382 1049 2450 post
1065 2373 1193 2450 ipsomm

208 2459 384 2530 condictum,
405 2455 480 2537 quod
499 2459 693 2517 necessarium
711 2459 801 2516 risum
819 2458 918 2528 inerit,
938 2456 1075 2516 addemus
1084 2468 1115 2516 et
1124 2477 1190 2520 nos.

206 2543 245 2602 Et
263 2563 325 2602 cum
345 2543 417 2601 baec
436 2541 557 2602 dixisset
574 2541 688 2615 Petrus,
709 2545 825 2620 gavisae
851 2553 917 2601 sunt
941 2543 1056 2601 turbae.
1084 2541 1194 2600 Niceta

205 2647 277 2688 vero
297 2628 397 2687 dicere
415 2627 470 2686 boc
490 2626 573 2685 modo
584 2625 739 2706 adgressus
753 2637 813 2688 est:
834 2627 977 2699 Definisti,
997 2638 1093 2707 pater,
1114 2626 1194 2706 quod

206 2732 264 2770 nou
283 2732 336 2791 per
354 2712 401 2771 dei
419 2711 627 2790 providentiam
647 2710 766 2771 muudus
782 2723 913 2790 regatur,
934 2711 1192 2790 sedomniagene-

207 2797 231 2855 si
249 2797 428 2865 subiaceant,
446 2797 494 2854 vel
513 2816 585 2874 quae
603 2795 640 2854 ad
657 2816 754 2856 mores
771 2799 992 2877 uniuscuiusque
1008 2797 1056 2856 vei
1069 2797 1192 2876 quaend

206 2891 290 2960 gesta
307 2881 463 2960 pertinent.
508 2878 556 2939 At
574 2900 647 2960 qnae
665 2883 759 2940 statim
778 2881 893 2961 quidem
905 2883 986 2962 potui
995 2881 1189 2961 respondere,

206 2965 258 3026 sed
276 2969 349 3047 quia
359 2966 462 3024 iustum
481 2977 525 3024 est
543 2985 659 3025 servare
678 2965 819 3040 ordinem,
840 2965 989 3026 debuimus
1007 2978 1038 3026 et
1054 2987 1108 3031 nos
1121 2967 1193 3046 qnid

207 3060 364 3124 teneamus,
385 3053 459 3110 sicut
481 3051 542 3130 ipse
570 3052 634 3110 fieri
659 3053 782 3131 rogasti.
828 3052 893 3130 Ego
919 3051 986 3111 dico
1008 3051 1192 3130 providentia

205 3135 253 3197 dci
272 3138 425 3216 gubernari
444 3136 587 3209 mundum,
606 3138 635 3194 in
654 3137 698 3195 bis
716 3137 853 3195 duntaxat
878 3157 952 3216 quae
978 3139 1191 3214 gubernatione

205 3223 267 3282 eius
285 3223 426 3301 indigent.
458 3221 535 3280 Unus
553 3233 598 3280 est
616 3223 691 3281 enim
710 3224 805 3280 omnia
822 3233 924 3280 terrens
942 3225 990 3301 qui
1009 3231 1040 3280 et
1056 3222 1190 3283 muudum

204 3309 287 3377 iecit,
308 3311 397 3369 iustus
416 3305 498 3377 deus,
517 3308 672 3385 unicuique
690 3306 845 3365 secundum
864 3318 948 3384 gesta
957 3306 1190 3386 suaquandoque

204 3391 377 3451 redditurus.
424 3391 503 3450 Ecce
520 3391 1006 3465 babcsetnostramdetinitionem3
1027 3392 1200 3470 nuncquod·

204 3477 246 3547 pis
264 3495 452 3570 prosequere,
472 3475 518 3536 vel
536 3495 601 3536 mea
619 3474 781 3547 destruens,
801 3477 846 3536 rei
860 3476 1068 3549 tuaadserene,
1088 3488 1190 3555 utego

204 3665 416 3682 —nae--u—-n———dn

241 3783 266 3843 ¹)
284 3785 357 3837 Quae
375 3787 518 3842 requmur
534 3799 615 3842 neque
632 3785 666 3831 ad
682 3785 758 3831 finem
773 3785 851 3831 buiur
863 3785 931 3843 libri,
944 3755 1058 3832 breviter
1070 3787 1189 3831 tamtum-

204 3851 565 3976 qpiqidopqqeitqtpompeudium
584 3853 689 3905 redacta
706 3853 733 3898 in
752 3853 824 3898 codd.
837 3867 898 3899 mes.
912 3852 996 3912 Lipee
1011 3853 1188 3900 continentur.
