2634 4400
579 352 793 366 ——u—-n—-u

191 477 261 525 ‘cum
279 466 323 524 his
342 466 388 544 qui
407 463 621 538 contradicunt3
655 464 793 526 adversus
811 484 882 544 quos
905 461 1066 544 disputans,
1091 467 1179 526 etiam

198 553 223 608 si
241 551 317 609 lorte
336 551 457 610 inferior
474 552 550 608 visus
569 550 669 622 luero,
693 572 750 609 uon
773 551 913 622 verebor,
937 570 974 609 ne
997 553 1074 609 forte
1092 563 1122 610 tn
1141 551 1178 612 de

197 635 253 706 lis,
284 655 355 714 quae
383 635 432 695 tibi
451 655 468 694 a
486 655 531 693 me
549 646 615 694 sunt
632 634 748 707 tradita,
777 636 805 694 iu
828 634 941 694 dubium
968 637 1084 704 venias,
1113 639 1179 714 quia

198 721 283 778 etiam
301 721 326 779 si
345 739 401 798 ego
419 721 495 780 visus
513 720 596 780 fuero
614 722 755 800 superari,
771 739 829 780 non
846 731 940 778 tamen
959 718 1069 779 idcirco
1085 733 1115 779 et
1129 741 1176 794 ea,

199 823 271 883 quae
298 805 380 864 nobis
405 825 492 864 verus
518 806 657 884 propheto
684 803 818 877 tradidit,
856 806 967 864 inlirma
991 804 1174 864 ridebuntur.

198 889 291 967 Spero
319 901 412 948 tamen
441 888 517 968 quod
543 909 598 948 nae
625 891 653 947 in
677 889 914 967 disputationibus
940 909 1123 969 superemur,
1152 893 1178 950 si

197 973 281 1032 modo
300 975 485 1034 rationabiles
504 975 560 1032 sint
578 973 724 1034 auditores
743 985 774 1033 et
790 976 875 1034 amici
892 975 1033 1047 ueritatis,
1053 977 1102 1053 qui
1119 975 1178 1037 dis·

197 1076 320 1118 ceruere
346 1060 460 1118 valcant
485 1060 540 1118 vim
568 1060 751 1138 speciemque
769 1060 931 1131 verborum,
953 1071 983 1118 et
1000 1079 1175 1138 agnoscere,

198 1144 245 1223 qui
272 1161 366 1202 sermo
394 1164 439 1204 ex.
457 1154 520 1203 arte
538 1145 695 1222 sophistica
712 1146 820 1216 veniat,
840 1165 898 1204 non
915 1145 1065 1204 veritatem
1084 1146 1178 1204 eonti-

198 1247 280 1300 neus,
301 1227 353 1288 sed
372 1229 522 1308 imaginem
538 1230 682 1301 ueritatis,
703 1241 734 1289 et
752 1231 798 1308 qui
817 1231 865 1300 sit,
887 1231 933 1308 qui
952 1231 1121 1308 simpliciter
1141 1250 1177 1289 ae

143 1386 147 1400 ι
197 1314 259 1372 sine
278 1313 344 1372 luco
366 1315 505 1394 prolatus,
526 1333 636 1374 omnem
656 1315 710 1374 vim
724 1335 781 1373 non
795 1316 825 1374 in
838 1315 937 1394 specie
952 1325 982 1374 et
995 1325 1108 1388 ornatu,
1125 1313 1177 1374 sed

196 1399 225 1456 in
244 1399 365 1460 veritate
384 1411 414 1458 et
431 1401 543 1460 ratione
561 1399 719 1479 possideat.
952 1472 958 1476 ¹

242 1482 295 1542 tu.
341 1481 387 1544 Ad
405 1485 477 1544 lraue
496 1501 569 1564 ego:
608 1485 817 1564 Omnipotenti,
837 1487 966 1566 iuquam,
995 1483 1051 1546 deo
1069 1487 1176 1564 gratias

196 1586 266 1646 ago,
285 1569 352 1648 quia
368 1581 400 1630 ut
418 1568 592 1642 desideravi,
620 1571 776 1629 instructus
798 1591 870 1630 sum.
916 1571 1111 1634 Veruntamen
1139 1570 1176 1630 de

196 1673 241 1713 me
260 1654 289 1712 in
307 1665 412 1714 tantum
433 1671 498 1714 esse
517 1653 607 1714 debes
625 1675 760 1727 securus,
786 1655 862 1735 quod
879 1654 917 1713 de
935 1656 979 1714 his
997 1675 1070 1735 qnae
1088 1655 1176 1714 didici

194 1738 247 1796 abs
265 1749 307 1809 to,
327 1739 355 1796 in
374 1736 487 1798 dubium
505 1740 605 1798 venire
624 1760 680 1798 uon
699 1741 815 1818 possim,
836 1751 867 1800 ut
885 1741 910 1799 si
928 1751 957 1800 tu
971 1741 1176 1820 ipscvelisali·

196 1821 309 1902 quando
328 1821 411 1884 iidem
430 1843 520 1884 meam
539 1844 556 1883 a
572 1827 792 1904 veropropheta
804 1827 974 1897 transferre,
994 1827 1176 1885 omninonon

196 1908 304 1986 possis3
324 1909 364 1967 ita
381 1910 466 1989 pleno
485 1911 584 1989 spiritu
603 1911 695 1983 hausi,
716 1929 788 1989 qnae
806 1909 958 1971 tradidisti.
971 1915 998 1982 1)
1019 1911 1056 1970 Et
1073 1931 1110 1971 ne
1125 1931 1177 1990 pu·

196 2003 241 2050 tes
260 2012 390 2071 magnum
409 1994 459 2053 tibi
478 2015 522 2055 me
541 1994 646 2075 aliquid
665 1996 808 2074 polliceri,
829 1995 906 2076 quod
923 1995 959 2054 alr
976 1997 1030 2055 hae
1049 1995 1106 2054 lide
1124 2013 1176 2054 ne·

196 2097 261 2154 gem
280 2097 325 2136 me
343 2100 428 2158 posse
448 2081 609 2152 transferri,
631 2090 739 2139 certum
760 2092 805 2140 est
822 2080 894 2160 apud
905 2100 961 2152 me,
983 2083 1046 2160 quia
1058 2083 1176 2159 quicun-

197 2182 251 2241 que
275 2164 414 2224 hominum
438 2165 511 2225 hanc
534 2165 570 2227 de
593 2185 664 2226 vero
690 2167 830 2247 propheta
851 2168 1000 2245 acceperit
1020 2168 1173 2238 rationem,

196 2246 326 2308 dubitare
346 2251 417 2309 ultra
437 2250 473 2313 dc
490 2254 613 2312 veritate
632 2253 791 2311 nullatenus
800 2252 919 2332 poterit.
964 2251 1002 2308 Et
1019 2250 1086 2308 ideo
1105 2272 1176 2309 con-

196 2332 253 2392 lido
273 2333 308 2393 du
328 2335 382 2394 hoe
401 2335 496 2395 divino
516 2336 649 2415 dogmate
669 2338 792 2397 coelitus
811 2336 940 2408 delinito,
961 2336 1064 2413 inquo
1084 2338 1176 2394 omnis

195 2436 242 2476 ars
260 2420 384 2480 malitiae
403 2434 563 2501 superatur.
592 2421 740 2482 Adversus
758 2422 937 2502 prophetiam
956 2421 1061 2480 etenim
1080 2438 1175 2499 neque

194 2522 241 2561 ars
260 2505 316 2563 ulla
334 2515 411 2564 stare
429 2507 570 2576 sufficiet,
600 2524 694 2583 neque
712 2508 912 2585 sophismatum
931 2506 1175 2585 syllogismorum-

195 2606 250 2665 que
276 2579 432 2647 versutiae.
479 2588 540 2649 Sed
557 2591 647 2647 omnis
667 2591 714 2667 qui
731 2590 855 2649 audierit
872 2590 908 2648 de
930 2610 1000 2649 vero
1023 2591 1174 2669 propheta,

195 2690 317 2731 neeesse
332 2683 378 2731 est
394 2675 532 2732 utstatim
551 2672 723 2734 desiderium
742 2675 836 2753 capiat
854 2675 941 2751 ipsius
954 2676 1099 2746 veritatis,
1120 2695 1174 2733 nec

194 2756 268 2815 ultra
286 2758 337 2815 sub
356 2759 510 2817 occasione
528 2760 590 2818 veri
608 2757 781 2836 quaerendi,
802 2756 931 2817 diversos
950 2760 1074 2837 patietur
1092 2780 1174 2819 erro-

194 2860 254 2899 res.
301 2842 423 2920 Propter
441 2843 528 2921 quod,
548 2842 662 2903 domine
680 2846 717 2902 mi
736 2843 866 2916 oPetrc,
887 2845 954 2902 nolo
972 2846 1012 2904 sis
1029 2845 1103 2903 ultra
1116 2845 1175 2902 sol·

194 2925 300 2997 licitus,
321 2936 452 3005 tauquam
472 2926 508 2986 dc
523 2948 559 2987 eo
576 2929 623 3006 qui
638 2930 760 3001 neseiat,
781 2929 848 3007 quid
862 2932 1021 3009 acceperit,
1042 2941 1072 2987 et
1086 2948 1175 3007 quan-

195 3020 251 3067 tum
271 3011 325 3069 sibi
344 3013 521 3071 commissum
540 3014 578 3071 sit
595 3016 736 3087 muneris,
764 3026 861 3074 certus
881 3026 955 3088 esto,
977 3014 1052 3093 quod
1069 3014 1174 3072 scienti

194 3106 225 3155 et
243 3096 414 3176 intelligenti
433 3098 552 3174 gratiam
572 3100 733 3171 contulisti,
754 3119 808 3159 nec
828 3101 913 3160 l'aeile
931 3120 1045 3179 possum
1065 3097 1171 3176 decipi,

195 3200 246 3258 pro
265 3200 301 3240 eo
321 3180 411 3261 quod,
433 3202 506 3261 quae
533 3182 587 3259 diu
608 3182 822 3258 desiderabam,
835 3188 901 3257 ,cito
919 3184 1022 3243 videor
1038 3182 1169 3260 adeptos.

194 3264 294 3323 Potest
313 3269 386 3325 enim
405 3268 468 3326 lieri
487 3280 517 3327 ut
535 3270 605 3328 alius
625 3268 792 3329 desiderans
815 3272 873 3327 cito
892 3268 1080 3346 adipiscatur,
1100 3266 1172 3324 alius

193 3368 248 3409 nee
268 3349 349 3409 tarde
367 3350 403 3409 ad
422 3350 585 3412 desiderata
602 3355 762 3432 perveniat.

238 3432 292 3494 ll).
339 3434 498 3507 EtPetrus,
515 3438 638 3497 hisamc
649 3437 768 3496 auditis:
788 3437 902 3496 Gratias
912 3456 979 3513 ago,
993 3435 1094 3512 iuquit,
1115 3433 1171 3493 deo
1268 3444 1272 3451 '

193 3538 269 3591 meo,
291 3531 321 3578 et
337 3540 389 3598 pro
408 3522 498 3580 salute
517 3516 576 3593 tua,
597 3533 627 3580 et
643 3542 696 3599 pro
715 3523 814 3600 requie
833 3542 911 3594 mea;
930 3518 1013 3579 valde
1032 3521 1106 3577 enim
1121 3519 1172 3578 de·

193 3605 297 3678 lector,
319 3605 383 3685 quia
405 3606 582 3666 intellexisse
606 3616 634 3664 te
657 3605 759 3679 video,
784 3617 887 3685 quanta
910 3605 947 3662 sit
969 3605 1082 3662 virtutis
1104 3625 1171 3683 pro-

192 3786 404 3797 *-

230 3878 255 3941 1)
273 3880 311 3927 Et
332 3894 368 3927 ne
392 3882 483 3940 putes
501 3906 533 3914 —
557 3881 725 3939 perveniat
743 3881 835 3927 denunt
856 3878 883 3927 in
900 3880 1010 3939 utruque
1028 3879 1083 3929 cod.
1100 3879 1170 3940 Lipr.
