2634 4400
670 261 737 323 170

208 471 250 531 tiu
268 468 422 547 agnitionis
445 477 561 529 nostrno
587 462 736 535 nobiscum
761 467 871 545 pariter
896 485 1015 527 menne
1042 468 1193 543 consortio

208 555 365 614 frueretur.
1019 587 1025 593 -

251 638 309 699 57.
354 638 423 699 'l'um
442 638 558 699 Petrus:
579 636 645 697 Nou
664 657 729 710 nos,
749 638 852 717 iuquit,
871 638 969 698 vincat
985 637 1126 716 malignus
1140 658 1194 699 oc-

209 726 327 785 casione
345 734 467 803 accepta
485 743 538 803 por
554 723 688 804 allectum
706 724 815 796 matris,
835 721 888 783 sed
906 720 998 801 magis
1014 742 1067 782 vos
1084 734 1116 781 et
1134 742 1193 801 ego

208 809 353 871 vobiscum
372 808 458 869 bodie
477 811 635 869 ieiunemus
654 827 717 867 cum
735 810 808 887 ipsa,
837 818 869 868 et
885 810 1013 867 crastino
1031 808 1204 886 baptizabi·.

207 904 270 967 tur3
291 914 383 973 neque
402 895 477 955 euim
495 896 597 953 iustum
617 892 716 953 estad
733 894 855 971 gratiam
872 912 1016 971 personae
1030 893 1154 952 alicuius
1163 905 1195 953 et

112 982 116 989 '
208 980 364 1051 amicitiae,
387 980 494 1039 resolvi
521 991 551 1039 ot
578 979 728 1039 extenuari
754 989 911 1058 praecepta
936 979 1078 1038 veritatis.
1123 978 1209 1065 Non·

209 1084 281 1141 crgo
300 1066 400 1143 pigeat
416 1083 468 1123 uos
486 1064 577 1142 magis
595 1064 729 1123 laborare
747 1082 811 1123 cum
829 1065 889 1134 illa,
909 1064 976 1143 quia
1002 1081 1086 1121 omne
1113 1084 1194 1123 man-

209 1148 302 1207 datum
321 1150 483 1227 praeterire
500 1158 650 1227 peecatum
677 1158 734 1209 cst.
780 1146 941 1214 Doccamns
966 1158 1062 1207 autem
1089 1167 1193 1210 sensus

208 1244 323 1293 nostros
342 1233 509 1312 corporales
536 1234 583 1311 qui
602 1234 783 1293 extrinsecus
808 1240 888 1305 suut,
913 1234 1026 1293 servire
1043 1234 1193 1293 interiori-

207 1318 260 1377 bus
282 1318 411 1379 sensibus
430 1329 460 1377 ct
486 1338 543 1377 uou
566 1319 722 1377 interiores
739 1338 850 1387 sensus,
876 1319 923 1396 qni
950 1337 1024 1396 quac
1051 1316 1100 1393 dei
1126 1329 1194 1388 sunt

208 1403 331 1481 sapiunt,
351 1423 487 1481 cogamus
505 1404 586 1481 sequi
606 1405 780 1474 exteriores,
801 1405 849 1481 qui
867 1421 947 1482 qnae
958 1403 1053 1461 carnis
1070 1414 1195 1463 suntsa-

207 1488 298 1567 piunt.
314 1490 341 1561 ¹)
387 1488 510 1567 Propter
535 1488 591 1547 boc
620 1490 694 1547 cuim
722 1486 899 1546 etdomiuus
916 1486 1080 1548 mandatum
1097 1486 1193 1561 dedit,

207 1572 327 1633 dicens=
343 1574 372 1645 ²)
401 1574 567 1652 Quicunque
585 1571 691 1632 viderit
709 1572 857 1632 mulierem
875 1570 912 1631 ad
932 1573 1193 1651 concupiscendam

166 1727 171 1735 ἱ
208 1678 282 1728 cam,
302 1658 357 1716 iam
375 1658 542 1719 moechatus
561 1669 605 1718 est
624 1677 686 1717 eam
705 1659 733 1716 in
752 1657 843 1717 corde
865 1678 929 1717 suo.
975 1657 1014 1717 Et
1040 1659 1084 1717 bis
1110 1657 1194 1720 addi-

208 1742 265 1801 dit:
285 1743 309 1801 si
329 1743 428 1803 oculus
446 1754 509 1803 tuus
528 1741 631 1803 dexter
648 1741 826 1803 scandalizat
838 1752 879 1814 tn,
900 1743 1193 1805 erueenmctabiice

206 1827 257 1887 abs
275 1838 316 1899 tc,
337 1827 455 1907 expedit
473 1830 548 1888 euim
566 1827 618 1887 tibi
636 1838 668 1887 ut
685 1848 768 1887 unum
786 1827 975 1887 membrorum
994 1839 1105 1888 tuorum
1124 1848 1194 1907 pcr-

207 1922 270 1983 cat,
299 1933 381 1991 qnam
399 1922 489 1971 totum
509 1932 614 1991 corpus
631 1923 709 1974 tuum
726 1914 854 1973 mittatur
871 1914 900 1972 in
919 1914 1081 1991 gebennam
1098 1914 1191 1991 iguis.

207 1996 273 2055 Nun
291 1996 374 2069 dixit,
394 1996 599 2057 scandalizavit
617 2008 658 2068 te,
678 2008 709 2056 ut
726 2009 911 2077 posteaquam
928 1999 1100 2077 peccaveris
1122 2010 1192 2057 tunc

206 2081 326 2140 abiicias
344 2102 474 2141 caussam
491 2082 619 2161 peccati,
638 2080 692 2141 sed
708 2084 733 2141 si
751 2082 928 2143 scandalizat
938 2094 987 2155 te,
1007 2084 1063 2157 boc
1082 2095 1140 2154 est,
1161 2093 1194 2145 ut

205 2178 357 2246 antequam
373 2188 481 2247 pecces
500 2186 629 2228 caussam
648 2170 762 2248 peccati
780 2170 965 2247 provocantis
984 2180 1013 2228 tc
1034 2169 1193 2228 etirritan-

206 2255 243 2313 tis
260 2253 403 2314 abscidas.
450 2254 496 2314 Nc
516 2256 578 2334 quis
597 2265 692 2314 autem
709 2265 945 2333 vestrumputet,
974 2256 1094 2327 fratres,
1114 2254 1193 2334 quod

206 2339 395 2399 membrorum
413 2342 635 2419 amputationem
655 2339 831 2400 mandaverit
845 2340 990 2412 domiuus3
1011 2342 1192 2420 propositum

206 2425 234 2482 in
253 2425 308 2482 hoc
325 2425 384 2483 vult
401 2427 542 2500 resecari,
561 2447 618 2484 uon
637 2426 764 2486 membra
781 2436 812 2484 ct
829 2445 947 2484 caussas
964 2445 1048 2504 ,quae
1065 2425 1103 2485 ad
1120 2445 1192 2503 pcc·

206 2507 324 2567 candum
343 2509 479 2580 illiciunt,
500 2529 556 2586 quo
584 2512 725 2588 cogitatio
747 2521 846 2570 nostra
872 2509 1028 2592 adspectus
1054 2511 1191 2570 vcbicnlo

168 2605 172 2612 ’
205 2591 352 2666 subvecta,
372 2593 409 2652 ad
427 2613 552 2654 amorem
572 2593 620 2654 dcl
637 2596 939 2674 sensibus‘corporois
957 2597 1049 2654 invisa
1066 2607 1191 2656 couten-

205 2676 264 2748 dat,
284 2697 339 2737 nec
358 2679 519 2738 carnalibus
537 2680 640 2754 oculis,
658 2683 738 2740 vclut
755 2679 968 2740 lascivientibus
986 2682 1068 2760 cquis
1087 2692 1118 2740 et
1139 2700 1193 2740 ex-

204 2772 250 2820 tra
267 2761 461 2822 mandatorum
479 2766 553 2824 viam
572 2785 684 2826 currum
704 2766 851 2826 declinare
861 2767 1056 2844 cupientibus,
1076 2766 1192 2826 relaxet

204 2847 287 2906 irena
304 2859 335 2906 ct
352 2846 478 2908 habenas
496 2849 659 2928 indulgeat:
689 2849 741 2911 sed
759 2862 881 2911 revocet
896 2849 1064 2930 adspectum
1082 2871 1191 2930 corpu·

204 2932 244 2992 ris
261 2931 299 2991 ad
315 2933 461 2992 arbitrium
481 2936 594 3006 mentis,
616 2945 646 2995 et
664 2936 897 2996 oculosnostros
915 2957 987 3014 quos
1005 2936 1077 2996 deus
1091 2938 1192 3016 operis

204 3019 247 3077 sai
264 3019 446 3098 inspectores
465 3039 530 3080 csse
548 3022 638 3082 voluit
656 3033 687 3082 et
705 3032 806 3093 testes,
826 3043 882 3086 nou
896 3024 1022 3100 patiatur
1031 3023 1096 3082 licri
1106 3023 1191 3082 leuo-

204 3123 256 3162 nes
274 3105 339 3163 mali
358 3101 507 3166 desiderii.
554 3107 592 3167 Et
610 3107 676 3168 ideo
695 3107 799 3166 cedant
817 3107 876 3184 legi
895 3105 941 3165 dei
969 3119 1025 3167 tam
1052 3109 1192 3185 corporei

204 3208 304 3250 sensus
322 3209 402 3268 qnam
422 3191 535 3250 interna
550 3194 701 3270 cogitatio,
722 3202 752 3251 et
770 3192 845 3250 illius
862 3192 1192 3260 voluntatiminlsttcut

204 3275 284 3336 euius
302 3294 334 3333 se
353 3294 443 3352 opera
462 3295 526 3336 esse
544 3277 718 3354 intelligunt.

191 3369 194 3374 '
244 3357 300 3416 58.
347 3359 440 3435 igitur
457 3372 489 3426 ut
506 3357 577 3420 ordo
597 3363 725 3440 mysterii
744 3360 883 3439 poscebat
900 3365 1036 3433 stratio,
1057 3361 1104 3420 dic
1120 3381 1189 3439 pos·

203 3452 267 3500 tora
293 3441 454 3519 baptizatur
476 3447 504 3504 iu
523 3442 605 3514 mari,
626 3457 656 3504 et
673 3466 810 3523 regressa
827 3445 865 3505 ad
882 3446 1037 3525 hospitium
1056 3447 1188 3506 omnibus

204 3537 417 3606 consequenter
434 3530 578 3606 mysteriis
597 3530 748 3608 religionis
765 3531 909 3590 imbuitur.
955 3529 1117 3597 Aderantus
1135 3532 1188 3591 au-

203 3746 267 3860 ΓΙ)
284 3747 419 3807 Propter
436 3748 493 3796 huc
513 3775 545 3784 -
564 3750 696 3800 lenones
712 3753 787 3800 mali
804 3752 956 3800 desiderii
974 3753 1069 3802 desunt
1079 3754 1104 3800 irr
1115 3753 1190 3799 codd.

205 3829 374 3941 'Abiorum
395 3887 419 3945 5,
438 3887 478 3931 as.
497 3888 536 3931 ze.
