2634 4400
589 301 634 370 ¹„

117 520 192 586 ergo
213 513 244 566 et
260 499 366 586 patitur
384 497 609 564 substantialiter
635 525 761 583 corpus,
790 505 874 564 sicuti
902 506 1101 586 experimento

118 594 320 670 cognoscitur,
341 590 497 669 postillam
516 600 645 667 natorum
657 591 887 668 coagulationem
907 592 1102 650 exinanitione

118 679 195 736 uteri
214 677 303 746 iacta,
323 685 443 756 propter
460 684 635 734 crementum
654 675 770 732 iniantis
796 673 968 753 impellentis
994 686 1024 733 et
1051 677 1103 733 im·-

119 763 193 841 puisi
213 761 335 820 velutin
355 754 519 829 luctamine,
540 757 628 818 verbo
647 757 822 817 conditoris:
844 759 1015 832 Quod‘enim
1034 780 1103 818 coa-

119 847 303 924 gulatumest
320 842 438 902 festinat
456 842 569 920 egredi,
591 841 768 922 quatientem
787 845 949 921 coagulavit
959 843 1038 921 cupit
1051 863 1102 902 ex-

120 947 244 1009 ponere.
292 928 400 987 Caussa
426 947 496 986 vero
522 929 595 986 haec
622 929 761 987 nanslert
787 927 863 1006 ipsas
889 931 1040 1007 passiones
1066 928 1103 986 ad

119 1015 334 1074 successionem
351 1010 489 1072 ¹eiusdem
516 1014 571 1083 rei,
592 1013 669 1071 iacta
686 1024 782 1072 autem
799 1015 934 1091 passione
953 1032 1102 1072 commune

120 1098 279 1178 periculum
298 1097 413 1174 saepius
432 1116 514 1174 quam
533 1098 663 1176 speciale
680 1099 832 1174 contingit.
1090 1150 1095 1158 .

162 1181 197 1240 ii.
244 1181 303 1240 Sed
315 1192 345 1240 et
363 1199 446 1239 omne
462 1180 537 1260 quod
548 1182 637 1240 seruit
646 1182 832 1240 muliebribus
851 1175 1015 1254 desideriis,
1035 1200 1104 1260 pro-

120 1277 253 1326 movetur
271 1277 302 1325 et
317 1265 541 1345 praemeditatur
559 1267 727 1325 naturaiiter
753 1266 908 1325 secundum
926 1269 1104 1326 uniuscuius-

121 1367 178 1430 que
197 1361 332 1422 aetatem,
351 1350 433 1409 verbi
452 1369 552 1408 causan
570 1350 654 1416 aliter
672 1370 755 1428 puer,
784 1352 870 1409 aliter
895 1371 965 1410 vero
989 1350 1104 1410 adoles·
1156 1356 1160 1371 “

118 1456 205 1506 cens,
225 1437 314 1514 aliter¹
327 1446 421 1500 autem
439 1434 493 1492 vir.
540 1433 613 1492 Nam
640 1435 734 1493 inians
752 1434 864 1513 quidem
883 1436 911 1493 in
929 1437 1035 1493 virtute
1054 1437 1104 1493 ba-

121 1521 174 1578 bct
199 1521 297 1578 borum
326 1515 537 1597 operationem,
568 1517 691 1578 nondum
718 1529 813 1576 autem
839 1519 868 1576 in
886 1517 991 1577 virtute
1019 1517 1105 1578 babet

122 1605 208 1663 etiam
228 1605 337 1662 animae
357 1613 464 1675 motus3
494 1599 667 1661 adolescens
692 1622 763 1661 vero
788 1613 905 1680 paratus
931 1603 1044 1681 quidem
1067 1602 1105 1661 ad

122 1687 305 1759 destinatum,
326 1685 530 1745 nondumvero
549 1685 718 1764 digestionis
731 1687 824 1745 babet
840 1706 936 1759 usum3
957 1687 1104 1746 rirautem

119 1763 292 1851 conspirans
318 1769 448 1850 possidet
473 1765 664 1850 perfectionis
690 1769 878 1850 proposituri.
923 1771 961 1832 tit
986 1791 1044 1831 non
1067 1791 1105 1831 ex

121 1858 179 1916 iilis
198 1849 441 1915 soiis‘dieeuduttt
459 1867 515 1926 est,
543 1857 665 1914 animam
692 1852 890 1928 immortalem,
910 1876 1016 1935 corpus
1034 1875 1105 1916 vero

122 1944 226 2012 bueus,
246 1940 299 1999 sed
317 1942 403 2002 etiem
421 1959 459 1999 ex
476 1940 531 2012 bis,
552 1959 624 2018 quae
642 1940 679 2000 ad
698 1939 761 2000 eam
779 1947 912 2000 comunt
933 1941 962 2000 in
980 1959 1107 2001 commu-

122 2045 188 2086 nem
208 2040 359 2103 personam
378 2023 530 2096 meudatis‚
552 2039 624 2103 quae
649 2027 690 2084 ait
708 2022 857 2098 Dominus,
873 2028 902 2099 ¹)
929 2025 1043 2084 Dictum
1062 2035 1108 2083 est

122 2110 264 2187 antiquis;
281 2108 351 2168 'Non
369 2109 580 2181 moechaberis,
601 2129 657 2188 ego
676 2121 771 2169 antem
789 2109 872 2182 dieo,
893 2127 947 2169 nee
974 2113 1004 2168 in
1022 2129 1106 2188 aspe-

123 2206 201 2254 etum
220 2192 364 2253 desiderio
384 2196 505 2267 servies,
526 2195 609 2253 nimis
628 2204 712 2255 caute
729 2195 861 2274 loquens.
896 2193 929 2253 st
946 2194 1021 2253 enirn
1040 2214 1106 2253 cor-

123 2294 175 2359 pus
196 2271 364 2339 naiuraliter
383 2271 537 2356 obligatum
556 2290 602 2338 est
619 2274 751 2338 femineis
770 2278 1026 2354 commistionibus,
1046 2298 1107 2336 naa-

124 2366 170 2443 gis
188 2375 282 2423 autem
300 2365 411 2423 servire
431 2371 561 2423 cuaettrm
580 2363 623 2422 bis
642 2381 715 2441 quae
732 2364 863 2446 accepit,
882 2374 915 2421 ut
932 2374 1012 2422 emet
1029 2373 1060 2421 et
1077 2364 1106 2423 in

124 2446 271 2507 sebemate
290 2448 422 2519 baberet,
443 2446 519 2526 quod
537 2458 567 2505 et
584 2448 742 2527 principale
761 2458 807 2506 est
826 2447 949 2505 carnaiis
968 2466 1108 2528 procrea·
1168 2445 1173 2460 '

125 2533 224 2602 tionis,
246 2553 301 2610 quo
320 2532 405 2591 modo
425 2533 487 2610 quis
505 2528 668 2611 suspicetur
690 2534 806 2610 corpori
818 2530 1015 2591 essedietum:
1040 2530 1107 2590 Noa

124 2614 337 2688 uincebaberis,
358 2636 415 2695 ego
433 2628 527 2676 autem
547 2615 611 2675 dieo
630 2634 685 2677 nec
704 2616 850 2675 desiderio
869 2618 990 2688 servies,
1011 2628 1108 2676 etnon

124 2702 221 2780 potius
240 2695 279 2772 ci,
301 2721 374 2779 quae
393 2700 484 2760 iibere
501 2712 547 2760 est
568 2702 739 2773 substantia,
759 2703 856 2760 talium
874 2701 1036 2779 passionum
1056 2722 1108 2781 po-
1206 2740 1212 2750 ι

125 2796 260 2845 testatem
279 2786 386 2845 babens
405 2787 502 2845 laxare
518 2786 570 2861 ¹vei
599 2787 750 2845 refrenare
778 2785 940 2845 secundum.
960 2787 1108 2865 operatio·

126 2884 192 2927 nem
221 2890 256 2928 co
294 2890 338 2941 us,
362 2871 409 2928 hie
437 2868 563 2946 melioris
589 2873 633 2929 rei
660 2869 821 2929 mandatum
848 2871 1026 2929 insinuaturi
1058 2870 1107 2932 Sic

126 2955 202 3013 enim
222 2964 252 3012 et
283 2965 364 3013 utura
382 2965 532 3031 sperantes
550 2976 606 3013 non
626 2952 787 3025 irascimur,
808 2966 838 3014 et
852 2955 978 3014 iurarem
990 2954 1108 3013 cobibe·

126 3058 188 3097 mus
207 3050 237 3097 et
255 3038 390 3095 mulieres
408 3037 578 3114 despicimus
597 3058 647 3115 spe
667 3035 824 3097 futurorum
835 3039 1108 3098 seusumsubieran-

126 3133 183 3193 tes,
205 3132 236 3180 ut
254 3120 324 3189 dlxi,
346 3140 401 3178 non
421 3139 504 3178 omne
523 3121 596 3197 quod
616 3141 711 3179 sumus
729 3123 834 3179 servile
860 3122 1001 3180 babentes
1028 3122 1110 3179 leuti-

125 3208 190 3265 neis
210 3204 435 3284 operationibus,
456 3203 508 3263 sed
526 3203 603 3262 eliud
622 3204 739 3282 quidem,
753 3207 882 3263 seruiens
900 3216 1019 3263 naturae
1034 3203 1109 3282 quod

127 3302 173 3349 est
196 3309 311 3368 corpus,
332 3290 406 3347 sient
425 3286 610 3359 ostendimus,
631 3287 708 3347 aliud
725 3288 955 3361 venationum,
971 3285 1107 3360 mentem,

128 3372 205 3453 quod
224 3387 268 3433 est
285 3384 378 3432 metus
396 3372 506 3431 animae
529 3370 706 3431 immortalis.

171 3458 205 3516 6.
253 3456 302 3516 liis
329 3454 417 3535 igitur
443 3459 483 3516 itu
500 3477 532 3517 se
550 3455 731 3529 habentibus,
751 3459 902 3537 vestigium
921 3455 1055 3537 optimubu
1074 3457 1111 3516 ad

127 3539 348 3619 intelligibilium
367 3540 652 3621 comprehensionem
671 3542 829 3602 invenimus
839 3563 902 3601 cum
913 3542 968 3602 deo
980 3542 1108 3601 dicente.
1166 3573 1168 3579 r

93 3622 97 3629 ¹
129 3626 297 3687 incedemus
316 3647 389 3705 ergo
406 3621 542 3706 pereum
561 3628 623 3686 siue
642 3628 918 3706 periculo,'uteutes
937 3628 1111 3685 animaeim-

126 3806 168 3814 ..n
173 3804 260 3811 --—
264 3806 340 3812 κ.-

170 3896 193 3957 Ι)
210 3898 300 3944 nontin.
320 3901 343 3959 a,
364 3900 403 3945 aa.
