<?xml version="1.0" encoding="UTF-8"?>
<!DOCTYPE html PUBLIC "-//W3C//DTD XHTML 1.0 Transitional//EN"
    "http://www.w3.org/TR/xhtml1/DTD/xhtml1-transitional.dtd">
<html xmlns="http://www.w3.org/1999/xhtml" xml:lang="en" lang="en">
 <head>
  <title>
</title>
<meta http-equiv="Content-Type" content="text/html;charset=utf-8" />
  <meta name='ocr-system' content='tesseract 3.04.00' />
  <meta name='ocr-capabilities' content='ocr_page ocr_carea ocr_par ocr_line ocrx_word'/>
</head>
<body>
  <div class='ocr_page' id='page_1' title='image "./recognitionesru00gersgoog_0165.png"; bbox 0 0 2634 4400; ppageno 0'>
   <div class='ocr_carea' id='block_1_1' title="bbox 574 307 641 368">
    <p class='ocr_par' dir='ltr' id='par_1_1' title="bbox 574 307 641 368">
     <span class='ocr_line' id='line_1_1' title="bbox 574 307 641 368; baseline 0 0"><span class='ocrx_word' id='word_1_1' title='bbox 574 307 641 368; x_wconf 74' lang='lat' dir='ltr'><strong>tes</strong></span> 
     </span>
    </p>
   </div>
   <div class='ocr_carea' id='block_1_2' title="bbox 501 403 713 412">
    <p class='ocr_par' dir='ltr' id='par_1_2' title="bbox 501 403 713 412">
     <span class='ocr_line' id='line_1_2' title="bbox 501 403 713 412; baseline 0 0"><span class='ocrx_word' id='word_1_2' title='bbox 501 403 713 412; x_wconf 68' lang='lat'><strong>..—---..—......--</strong></span> 
     </span>
    </p>
   </div>
   <div class='ocr_carea' id='block_1_3' title="bbox 10 510 1096 678">
    <p class='ocr_par' dir='ltr' id='par_1_3' title="bbox 10 510 1096 678">
     <span class='ocr_line' id='line_1_3' title="bbox 10 510 1093 596; baseline 0.01 -25"><span class='ocrx_word' id='word_1_3' title='bbox 10 543 11 592; x_wconf 23' lang='lat' dir='ltr'><strong>p</strong></span> <span class='ocrx_word' id='word_1_4' title='bbox 114 514 322 592; x_wconf 89' lang='lat' dir='ltr'><strong>eoepitame,</strong></span> <span class='ocrx_word' id='word_1_5' title='bbox 352 532 472 592; x_wconf 89' lang='lat' dir='ltr'><strong>quonam</strong></span> <span class='ocrx_word' id='word_1_6' title='bbox 492 510 656 573; x_wconf 90' lang='lat' dir='ltr'><strong>deveaisset</strong></span> <span class='ocrx_word' id='word_1_7' title='bbox 673 526 768 594; x_wconf 90' lang='lat' dir='ltr'><strong>pater.</strong></span> <span class='ocrx_word' id='word_1_8' title='bbox 815 517 868 575; x_wconf 92' lang='lat' dir='ltr'><strong>Cui</strong></span> <span class='ocrx_word' id='word_1_9' title='bbox 887 539 959 596; x_wconf 82' lang='lat' dir='ltr'><strong>ego:</strong></span> <span class='ocrx_word' id='word_1_10' title='bbox 988 520 1035 581; x_wconf 87' lang='lat' dir='ltr'><strong>Ad</strong></span> <span class='ocrx_word' id='word_1_11' title='bbox 1053 535 1093 594; x_wconf 87' lang='lat' dir='ltr'><strong>tc,</strong></span> 
     </span>
     <span class='ocr_line' id='line_1_4' title="bbox 10 597 1096 678; baseline 0.006 -18"><span class='ocrx_word' id='word_1_12' title='bbox 10 641 12 660; x_wconf 88' lang='lat'><strong>.</strong></span> <span class='ocrx_word' id='word_1_13' title='bbox 113 605 239 678; x_wconf 89' lang='lat' dir='ltr'><strong>inquam,</strong></span> <span class='ocrx_word' id='word_1_14' title='bbox 260 597 460 678; x_wconf 84' lang='lat' dir='ltr'><strong>requirendam</strong></span> <span class='ocrx_word' id='word_1_15' title='bbox 478 598 626 678; x_wconf 86' lang='lat' dir='ltr'><strong>prolectas</strong></span> <span class='ocrx_word' id='word_1_16' title='bbox 653 602 726 660; x_wconf 83' lang='lat' dir='ltr'><strong>ultra</strong></span> <span class='ocrx_word' id='word_1_17' title='bbox 755 623 810 660; x_wconf 91' lang='lat' dir='ltr'><strong>noa</strong></span> <span class='ocrx_word' id='word_1_18' title='bbox 838 603 935 664; x_wconf 91' lang='lat' dir='ltr'><strong>rediit.</strong></span> <span class='ocrx_word' id='word_1_19' title='bbox 982 606 1096 668; x_wconf 83' lang='lat' dir='ltr'><strong>Atilia</strong></span> 
     </span>
    </p>
   </div>
   <div class='ocr_carea' id='block_1_4' title="bbox 10 667 1095 769">
    <p class='ocr_par' dir='ltr' id='par_1_4' title="bbox 10 667 1095 769">
     <span class='ocr_line' id='line_1_5' title="bbox 10 667 1095 769; baseline 0.006 -24"><span class='ocrx_word' id='word_1_20' title='bbox 10 667 12 756; x_wconf 42' lang='grc' dir='ltr'>ζ</span> <span class='ocrx_word' id='word_1_21' title='bbox 113 686 233 746; x_wconf 88' lang='lat' dir='ltr'><strong>audiens</strong></span> <span class='ocrx_word' id='word_1_22' title='bbox 253 686 413 764; x_wconf 83' lang='lat' dir='ltr'><strong>suspiravit</strong></span> <span class='ocrx_word' id='word_1_23' title='bbox 439 695 557 756; x_wconf 87' lang='lat' dir='ltr'><strong>tantum,</strong></span> <span class='ocrx_word' id='word_1_24' title='bbox 586 686 799 769; x_wconf 80' lang='lat' dir='ltr'><strong>grandeenim</strong></span> <span class='ocrx_word' id='word_1_25' title='bbox 826 708 879 766; x_wconf 94' lang='lat' dir='ltr'><strong>pro</strong></span> <span class='ocrx_word' id='word_1_26' title='bbox 898 709 944 748; x_wconf 89' lang='lat' dir='ltr'><strong>me</strong></span> <span class='ocrx_word' id='word_1_27' title='bbox 962 691 1095 769; x_wconf 76' lang='lat' dir='ltr'><strong>gaudium</strong></span> 
     </span>
    </p>
   </div>
   <div class='ocr_carea' id='block_1_5' title="bbox 10 769 1166 1030">
    <p class='ocr_par' dir='ltr' id='par_1_5' title="bbox 10 769 1166 1030">
     <span class='ocr_line' id='line_1_6' title="bbox 10 769 1097 856; baseline 0.012 -32"><span class='ocrx_word' id='word_1_28' title='bbox 10 817 11 824; x_wconf 72' lang='grc'>,</span> <span class='ocrx_word' id='word_1_29' title='bbox 112 772 225 830; x_wconf 88' lang='lat' dir='ltr'><strong>habens</strong></span> <span class='ocrx_word' id='word_1_30' title='bbox 243 771 370 849; x_wconf 89' lang='lat' dir='ltr'><strong>reliquos</strong></span> <span class='ocrx_word' id='word_1_31' title='bbox 397 769 543 829; x_wconf 73' lang='lat' dir='ltr'><strong>solabatur</strong></span> <span class='ocrx_word' id='word_1_32' title='bbox 569 791 729 832; x_wconf 89' lang='lat' dir='ltr'><strong>moerores.</strong></span> <span class='ocrx_word' id='word_1_33' title='bbox 776 772 831 832; x_wconf 86' lang='lat' dir='ltr'><strong>Die</strong></span> <span class='ocrx_word' id='word_1_34' title='bbox 858 787 952 835; x_wconf 84' lang='lat' dir='ltr'><strong>autem</strong></span> <span class='ocrx_word' id='word_1_35' title='bbox 979 788 1097 856; x_wconf 84' lang='lat' dir='ltr'><strong>postera</strong></span> 
     </span>
     <span class='ocr_line' id='line_1_7' title="bbox 10 855 1166 936; baseline 0.003 -22"><span class='ocrx_word' id='word_1_36' title='bbox 10 867 12 914; x_wconf 67' lang='grc' dir='ltr'><em>ὶ</em></span> <span class='ocrx_word' id='word_1_37' title='bbox 112 855 219 916; x_wconf 89' lang='lat' dir='ltr'><strong>sedens</strong></span> <span class='ocrx_word' id='word_1_38' title='bbox 237 875 291 914; x_wconf 91' lang='lat' dir='ltr'><strong>una</strong></span> <span class='ocrx_word' id='word_1_39' title='bbox 311 876 373 914; x_wconf 90' lang='lat' dir='ltr'><strong>eum</strong></span> <span class='ocrx_word' id='word_1_40' title='bbox 392 875 483 914; x_wconf 86' lang='lat' dir='ltr'><strong>uxore</strong></span> <span class='ocrx_word' id='word_1_41' title='bbox 502 855 580 914; x_wconf 90' lang='lat' dir='ltr'><strong>Petri</strong></span> <span class='ocrx_word' id='word_1_42' title='bbox 599 858 655 916; x_wconf 88' lang='lat' dir='ltr'><strong>iter</strong></span> <span class='ocrx_word' id='word_1_43' title='bbox 673 859 780 936; x_wconf 83' lang='lat' dir='ltr'><strong>agebat</strong></span> <span class='ocrx_word' id='word_1_44' title='bbox 798 859 956 931; x_wconf 87' lang='lat' dir='ltr'><strong>nobiseum,</strong></span> <span class='ocrx_word' id='word_1_45' title='bbox 978 865 1097 921; x_wconf 88' lang='lat' dir='ltr'><strong>etveni-</strong></span> <span class='ocrx_word' id='word_1_46' title='bbox 1164 908 1166 917; x_wconf 89' lang='grc'><em>,</em></span> 
     </span>
     <span class='ocr_line' id='line_1_8' title="bbox 10 939 1096 1030; baseline 0.006 -30"><span class='ocrx_word' id='word_1_47' title='bbox 10 967 12 1030; x_wconf 66' lang='lat' dir='ltr'>ss</span> <span class='ocrx_word' id='word_1_48' title='bbox 112 963 174 1000; x_wconf 91' lang='lat' dir='ltr'><strong>mas</strong></span> <span class='ocrx_word' id='word_1_49' title='bbox 193 941 346 1010; x_wconf 89' lang='lat' dir='ltr'><strong>Balancas,</strong></span> <span class='ocrx_word' id='word_1_50' title='bbox 367 941 415 998; x_wconf 88' lang='lat' dir='ltr'><strong>uhi</strong></span> <span class='ocrx_word' id='word_1_51' title='bbox 434 939 528 999; x_wconf 86' lang='lat' dir='ltr'><strong>triduo</strong></span> <span class='ocrx_word' id='word_1_52' title='bbox 547 944 695 1014; x_wconf 88' lang='lat' dir='ltr'><strong>remorati,</strong></span> <span class='ocrx_word' id='word_1_53' title='bbox 713 942 782 1007; x_wconf 89' lang='lat' dir='ltr'><strong>inde</strong></span> <span class='ocrx_word' id='word_1_54' title='bbox 805 943 979 1005; x_wconf 76' lang='lat' dir='ltr'><strong>adcessimus</strong></span> <span class='ocrx_word' id='word_1_55' title='bbox 1006 946 1096 1006; x_wconf 86' lang='lat' dir='ltr'><strong>Patho</strong></span> 
     </span>
    </p>
   </div>
   <div class='ocr_carea' id='block_1_6' title="bbox 113 1025 1167 1107">
    <p class='ocr_par' dir='ltr' id='par_1_6' title="bbox 113 1025 1167 1107">
     <span class='ocr_line' id='line_1_9' title="bbox 113 1025 1167 1107; baseline 0.005 -21"><span class='ocrx_word' id='word_1_56' title='bbox 113 1039 143 1086; x_wconf 85' lang='lat' dir='ltr'><strong>ct</strong></span> <span class='ocrx_word' id='word_1_57' title='bbox 162 1037 228 1106; x_wconf 89' lang='lat' dir='ltr'><strong>post</strong></span> <span class='ocrx_word' id='word_1_58' title='bbox 246 1027 300 1084; x_wconf 91' lang='lat' dir='ltr'><strong>hoe</strong></span> <span class='ocrx_word' id='word_1_59' title='bbox 321 1025 439 1096; x_wconf 87' lang='lat' dir='ltr'><strong>Gabala,</strong></span> <span class='ocrx_word' id='word_1_60' title='bbox 461 1028 547 1085; x_wconf 86' lang='lat' dir='ltr'><strong>etsie</strong></span> <span class='ocrx_word' id='word_1_61' title='bbox 567 1027 732 1086; x_wconf 80' lang='lat' dir='ltr'><strong>Laodiciam</strong></span> <span class='ocrx_word' id='word_1_62' title='bbox 751 1030 943 1107; x_wconf 80' lang='lat' dir='ltr'><strong>pervenimus,</strong></span> <span class='ocrx_word' id='word_1_63' title='bbox 963 1032 1011 1090; x_wconf 93' lang='lat' dir='ltr'><strong>uhi</strong></span> <span class='ocrx_word' id='word_1_64' title='bbox 1029 1044 1097 1092; x_wconf 88' lang='lat' dir='ltr'><strong>ante</strong></span> <span class='ocrx_word' id='word_1_65' title='bbox 1162 1089 1167 1094; x_wconf 80' lang='grc'><strong>,</strong></span> 
     </span>
    </p>
   </div>
   <div class='ocr_carea' id='block_1_7' title="bbox 10 1101 1097 1192">
    <p class='ocr_par' dir='ltr' id='par_1_7' title="bbox 10 1101 1097 1192">
     <span class='ocr_line' id='line_1_10' title="bbox 10 1101 1097 1192; baseline 0.006 -23"><span class='ocrx_word' id='word_1_66' title='bbox 10 1143 11 1150; x_wconf 33' lang='grc' dir='ltr'><strong>ι</strong></span> <span class='ocrx_word' id='word_1_67' title='bbox 111 1123 212 1192; x_wconf 72' lang='lat' dir='ltr'><strong>portas</strong></span> <span class='ocrx_word' id='word_1_68' title='bbox 232 1119 387 1176; x_wconf 88' lang='lat' dir='ltr'><strong>occurrunt</strong></span> <span class='ocrx_word' id='word_1_69' title='bbox 405 1101 486 1169; x_wconf 86' lang='lat' dir='ltr'><strong>hobis</strong></span> <span class='ocrx_word' id='word_1_70' title='bbox 505 1111 612 1182; x_wconf 85' lang='lat' dir='ltr'><strong>Niceta</strong></span> <span class='ocrx_word' id='word_1_71' title='bbox 630 1123 660 1170; x_wconf 93' lang='lat' dir='ltr'><strong>ot</strong></span> <span class='ocrx_word' id='word_1_72' title='bbox 682 1111 787 1192; x_wconf 89' lang='lat' dir='ltr'><strong>Aquila</strong></span> <span class='ocrx_word' id='word_1_73' title='bbox 814 1125 844 1173; x_wconf 86' lang='lat' dir='ltr'><strong>et</strong></span> <span class='ocrx_word' id='word_1_74' title='bbox 861 1116 1025 1175; x_wconf 73' lang='lat' dir='ltr'><strong>osculantes</strong></span> <span class='ocrx_word' id='word_1_75' title='bbox 1044 1139 1097 1176; x_wconf 86' lang='lat' dir='ltr'><strong>uos</strong></span> 
     </span>
    </p>
   </div>
   <div class='ocr_carea' id='block_1_8' title="bbox 113 1194 1096 1278">
    <p class='ocr_par' dir='ltr' id='par_1_8' title="bbox 113 1194 1096 1278">
     <span class='ocr_line' id='line_1_11' title="bbox 113 1194 1096 1278; baseline 0.006 -22"><span class='ocrx_word' id='word_1_76' title='bbox 113 1194 259 1256; x_wconf 88' lang='lat' dir='ltr'><strong>abducunt</strong></span> <span class='ocrx_word' id='word_1_77' title='bbox 275 1197 304 1254; x_wconf 90' lang='lat' dir='ltr'><strong>in</strong></span> <span class='ocrx_word' id='word_1_78' title='bbox 323 1197 486 1274; x_wconf 81' lang='lat' dir='ltr'><strong>hospitium.</strong></span> <span class='ocrx_word' id='word_1_79' title='bbox 508 1196 608 1256; x_wconf 87' lang='lat' dir='ltr'><strong>Petras</strong></span> <span class='ocrx_word' id='word_1_80' title='bbox 627 1209 722 1256; x_wconf 88' lang='lat' dir='ltr'><strong>antem</strong></span> <span class='ocrx_word' id='word_1_81' title='bbox 740 1198 842 1259; x_wconf 75' lang='lat' dir='ltr'><strong>videus</strong></span> <span class='ocrx_word' id='word_1_82' title='bbox 860 1201 980 1278; x_wconf 89' lang='lat' dir='ltr'><strong>amplam</strong></span> <span class='ocrx_word' id='word_1_83' title='bbox 995 1203 1096 1262; x_wconf 90' lang='lat' dir='ltr'><strong>civita-</strong></span> 
     </span>
    </p>
   </div>
   <div class='ocr_carea' id='block_1_9' title="bbox 10 1280 1096 1374">
    <p class='ocr_par' dir='ltr' id='par_1_9' title="bbox 10 1280 1096 1374">
     <span class='ocr_line' id='line_1_12' title="bbox 10 1280 1096 1374; baseline 0.006 -34"><span class='ocrx_word' id='word_1_84' title='bbox 10 1339 11 1374; x_wconf 14' lang='lat'><em>}</em></span> <span class='ocrx_word' id='word_1_85' title='bbox 113 1294 171 1340; x_wconf 87' lang='lat' dir='ltr'><strong>tem</strong></span> <span class='ocrx_word' id='word_1_86' title='bbox 191 1293 221 1340; x_wconf 86' lang='lat' dir='ltr'><strong>et</strong></span> <span class='ocrx_word' id='word_1_87' title='bbox 239 1280 427 1360; x_wconf 83' lang='lat' dir='ltr'><strong>splendidam,</strong></span> <span class='ocrx_word' id='word_1_88' title='bbox 449 1281 563 1360; x_wconf 85' lang='lat' dir='ltr'><strong>dignum</strong></span> <span class='ocrx_word' id='word_1_89' title='bbox 583 1294 639 1353; x_wconf 87' lang='lat' dir='ltr'><strong>est,</strong></span> <span class='ocrx_word' id='word_1_90' title='bbox 660 1284 761 1360; x_wconf 87' lang='lat' dir='ltr'><strong>inquit,</strong></span> <span class='ocrx_word' id='word_1_91' title='bbox 782 1286 922 1353; x_wconf 77' lang='lat' dir='ltr'><strong>resacrari</strong></span> <span class='ocrx_word' id='word_1_92' title='bbox 941 1288 1096 1346; x_wconf 89' lang='lat' dir='ltr'><strong>nosinhac</strong></span> 
     </span>
    </p>
   </div>
   <div class='ocr_carea' id='block_1_10' title="bbox 112 1365 1144 1958">
    <p class='ocr_par' dir='ltr' id='par_1_10' title="bbox 113 1365 1144 1684">
     <span class='ocr_line' id='line_1_13' title="bbox 113 1365 1096 1450; baseline 0.006 -26"><span class='ocrx_word' id='word_1_93' title='bbox 113 1367 214 1426; x_wconf 88' lang='lat' dir='ltr'><strong>diebus</strong></span> <span class='ocrx_word' id='word_1_94' title='bbox 233 1365 333 1425; x_wconf 86' lang='lat' dir='ltr'><strong>decem</strong></span> <span class='ocrx_word' id='word_1_95' title='bbox 351 1377 400 1425; x_wconf 88' lang='lat' dir='ltr'><strong>ant</strong></span> <span class='ocrx_word' id='word_1_96' title='bbox 420 1369 505 1425; x_wconf 87' lang='lat' dir='ltr'><strong>etiam</strong></span> <span class='ocrx_word' id='word_1_97' title='bbox 524 1365 653 1444; x_wconf 88' lang='lat' dir='ltr'><strong>amplius.</strong></span> <span class='ocrx_word' id='word_1_98' title='bbox 699 1367 767 1427; x_wconf 81' lang='lat' dir='ltr'><strong>Tam</strong></span> <span class='ocrx_word' id='word_1_99' title='bbox 787 1367 893 1428; x_wconf 82' lang='lat' dir='ltr'><strong>Niceta</strong></span> <span class='ocrx_word' id='word_1_100' title='bbox 912 1366 974 1429; x_wconf 87' lang='lat' dir='ltr'><strong>cum</strong></span> <span class='ocrx_word' id='word_1_101' title='bbox 993 1373 1096 1450; x_wconf 88' lang='lat' dir='ltr'><strong>Aquila</strong></span> 
     </span>
     <span class='ocr_line' id='line_1_14' title="bbox 113 1451 1144 1532; baseline -0.005 -20"><span class='ocrx_word' id='word_1_102' title='bbox 113 1451 299 1531; x_wconf 86' lang='lat' dir='ltr'><strong>requirebant</strong></span> <span class='ocrx_word' id='word_1_103' title='bbox 316 1472 333 1511; x_wconf 90' lang='lat' dir='ltr'><strong>a</strong></span> <span class='ocrx_word' id='word_1_104' title='bbox 352 1471 408 1522; x_wconf 91' lang='lat' dir='ltr'><strong>me,</strong></span> <span class='ocrx_word' id='word_1_105' title='bbox 430 1471 503 1531; x_wconf 91' lang='lat' dir='ltr'><strong>quae</strong></span> <span class='ocrx_word' id='word_1_106' title='bbox 522 1463 599 1511; x_wconf 87' lang='lat' dir='ltr'><strong>esset</strong></span> <span class='ocrx_word' id='word_1_107' title='bbox 617 1453 720 1509; x_wconf 88' lang='lat' dir='ltr'><strong>mulier</strong></span> <span class='ocrx_word' id='word_1_108' title='bbox 738 1453 810 1511; x_wconf 85' lang='lat' dir='ltr'><strong>haee</strong></span> <span class='ocrx_word' id='word_1_109' title='bbox 829 1454 939 1528; x_wconf 81' lang='lat' dir='ltr'><strong>ignota.</strong></span> <span class='ocrx_word' id='word_1_110' title='bbox 985 1455 1022 1512; x_wconf 87' lang='lat' dir='ltr'><strong>Et</strong></span> <span class='ocrx_word' id='word_1_111' title='bbox 1040 1475 1097 1532; x_wconf 85' lang='lat' dir='ltr'><strong>ego</strong></span> <span class='ocrx_word' id='word_1_112' title='bbox 1142 1502 1144 1507; x_wconf 81' lang='grc'>,</span> 
     </span>
     <span class='ocr_line' id='line_1_15' title="bbox 113 1535 1097 1618; baseline 0.002 -22"><span class='ocrx_word' id='word_1_113' title='bbox 113 1535 267 1616; x_wconf 78' lang='lat' dir='ltr'><strong>respondi:</strong></span> <span class='ocrx_word' id='word_1_114' title='bbox 289 1546 382 1596; x_wconf 90' lang='lat' dir='ltr'><strong>mater</strong></span> <span class='ocrx_word' id='word_1_115' title='bbox 399 1556 462 1596; x_wconf 88' lang='lat' dir='ltr'><strong>mea</strong></span> <span class='ocrx_word' id='word_1_116' title='bbox 481 1547 525 1596; x_wconf 90' lang='lat' dir='ltr'><strong>est</strong></span> <span class='ocrx_word' id='word_1_117' title='bbox 544 1557 625 1616; x_wconf 88' lang='lat' dir='ltr'><strong>quam</strong></span> <span class='ocrx_word' id='word_1_118' title='bbox 644 1537 711 1595; x_wconf 91' lang='lat' dir='ltr'><strong>mihi</strong></span> <span class='ocrx_word' id='word_1_119' title='bbox 730 1536 879 1598; x_wconf 71' lang='lat' dir='ltr'><strong>redonavit</strong></span> <span class='ocrx_word' id='word_1_120' title='bbox 897 1535 968 1597; x_wconf 88' lang='lat' dir='ltr'><strong>deus</strong></span> <span class='ocrx_word' id='word_1_121' title='bbox 981 1538 1097 1618; x_wconf 88' lang='lat' dir='ltr'><strong>perdo-</strong></span> 
     </span>
     <span class='ocr_line' id='line_1_16' title="bbox 113 1622 567 1684; baseline 0.009 -4"><span class='ocrx_word' id='word_1_122' title='bbox 113 1624 218 1681; x_wconf 90' lang='lat' dir='ltr'><strong>minnm</strong></span> <span class='ocrx_word' id='word_1_123' title='bbox 237 1642 328 1680; x_wconf 81' lang='lat' dir='ltr'><strong>nucum</strong></span> <span class='ocrx_word' id='word_1_124' title='bbox 349 1622 475 1681; x_wconf 85' lang='lat' dir='ltr'><strong>Petrum.</strong></span> <span class='ocrx_word' id='word_1_125' title='bbox 564 1677 567 1684; x_wconf 88' lang='lat'><strong>.</strong></span> 
     </span>
    </p>

    <p class='ocr_par' dir='ltr' id='par_1_11' title="bbox 112 1706 1098 1958">
     <span class='ocr_line' id='line_1_17' title="bbox 156 1706 1098 1790; baseline 0.006 -24"><span class='ocrx_word' id='word_1_126' title='bbox 156 1706 212 1766; x_wconf 72' lang='lat'><strong>26.</strong></span> <span class='ocrx_word' id='word_1_127' title='bbox 259 1706 339 1766; x_wconf 88' lang='lat' dir='ltr'><strong>llaec</strong></span> <span class='ocrx_word' id='word_1_128' title='bbox 367 1727 430 1764; x_wconf 91' lang='lat' dir='ltr'><strong>cum</strong></span> <span class='ocrx_word' id='word_1_129' title='bbox 458 1727 514 1784; x_wconf 80' lang='lat' dir='ltr'><strong>ego</strong></span> <span class='ocrx_word' id='word_1_130' title='bbox 539 1706 685 1779; x_wconf 81' lang='lat' dir='ltr'><strong>dixissem,</strong></span> <span class='ocrx_word' id='word_1_131' title='bbox 715 1720 817 1769; x_wconf 88' lang='lat' dir='ltr'><strong>cuneta</strong></span> <span class='ocrx_word' id='word_1_132' title='bbox 846 1711 888 1768; x_wconf 90' lang='lat' dir='ltr'><strong>eis</strong></span> <span class='ocrx_word' id='word_1_133' title='bbox 915 1710 1017 1770; x_wconf 89' lang='lat' dir='ltr'><strong>Petrus</strong></span> <span class='ocrx_word' id='word_1_134' title='bbox 1044 1733 1098 1790; x_wconf 85' lang='lat' dir='ltr'><strong>per</strong></span> 
     </span>
     <span class='ocr_line' id='line_1_18' title="bbox 114 1791 1098 1871; baseline 0.004 -19"><span class='ocrx_word' id='word_1_135' title='bbox 114 1791 244 1852; x_wconf 90' lang='lat' dir='ltr'><strong>ordinem</strong></span> <span class='ocrx_word' id='word_1_136' title='bbox 263 1793 361 1870; x_wconf 88' lang='lat' dir='ltr'><strong>eoepit</strong></span> <span class='ocrx_word' id='word_1_137' title='bbox 379 1810 526 1871; x_wconf 83' lang='lat' dir='ltr'><strong>exponere</strong></span> <span class='ocrx_word' id='word_1_138' title='bbox 545 1804 574 1852; x_wconf 80' lang='lat' dir='ltr'><strong>et</strong></span> <span class='ocrx_word' id='word_1_139' title='bbox 592 1795 647 1852; x_wconf 88' lang='lat' dir='ltr'><strong>ait:</strong></span> <span class='ocrx_word' id='word_1_140' title='bbox 678 1793 748 1853; x_wconf 90' lang='lat' dir='ltr'><strong>Cum</strong></span> <span class='ocrx_word' id='word_1_141' title='bbox 776 1795 950 1854; x_wconf 84' lang='lat' dir='ltr'><strong>venissemus</strong></span> <span class='ocrx_word' id='word_1_142' title='bbox 971 1795 1098 1856; x_wconf 79' lang='lat' dir='ltr'><strong>Aradum</strong></span> 
     </span>
     <span class='ocr_line' id='line_1_19' title="bbox 112 1877 1097 1958; baseline 0.003 -21"><span class='ocrx_word' id='word_1_143' title='bbox 112 1891 144 1938; x_wconf 90' lang='lat' dir='ltr'><strong>et</strong></span> <span class='ocrx_word' id='word_1_144' title='bbox 171 1898 227 1956; x_wconf 84' lang='lat' dir='ltr'><strong>ego</strong></span> <span class='ocrx_word' id='word_1_145' title='bbox 254 1898 305 1936; x_wconf 91' lang='lat' dir='ltr'><strong>vos</strong></span> <span class='ocrx_word' id='word_1_146' title='bbox 332 1877 511 1956; x_wconf 84' lang='lat' dir='ltr'><strong>praecedere</strong></span> <span class='ocrx_word' id='word_1_147' title='bbox 530 1879 686 1950; x_wconf 84' lang='lat' dir='ltr'><strong>iussissem,</strong></span> <span class='ocrx_word' id='word_1_148' title='bbox 716 1880 855 1958; x_wconf 82' lang='lat' dir='ltr'><strong>proiectis</strong></span> <span class='ocrx_word' id='word_1_149' title='bbox 872 1881 965 1952; x_wconf 87' lang='lat' dir='ltr'><strong>vohis,</strong></span> <span class='ocrx_word' id='word_1_150' title='bbox 995 1881 1097 1940; x_wconf 91' lang='lat' dir='ltr'><strong>cadem</strong></span> 
     </span>
    </p>
   </div>
   <div class='ocr_carea' id='block_1_11' title="bbox 10 1963 1097 2043">
    <p class='ocr_par' dir='ltr' id='par_1_12' title="bbox 10 1963 1097 2043">
     <span class='ocr_line' id='line_1_20' title="bbox 10 1963 1097 2043; baseline 0.007 -25"><span class='ocrx_word' id='word_1_151' title='bbox 10 2009 13 2018; x_wconf 79' lang='grc'>,</span> <span class='ocrx_word' id='word_1_152' title='bbox 113 1963 161 2024; x_wconf 90' lang='lat' dir='ltr'><strong>die</strong></span> <span class='ocrx_word' id='word_1_153' title='bbox 181 1964 313 2024; x_wconf 81' lang='lat' dir='ltr'><strong>Clemens</strong></span> <span class='ocrx_word' id='word_1_154' title='bbox 332 1982 394 2022; x_wconf 89' lang='lat' dir='ltr'><strong>cam</strong></span> <span class='ocrx_word' id='word_1_155' title='bbox 413 1963 564 2023; x_wconf 79' lang='lat' dir='ltr'><strong>incidisset</strong></span> <span class='ocrx_word' id='word_1_156' title='bbox 581 1967 729 2024; x_wconf 85' lang='lat' dir='ltr'><strong>sermonis</strong></span> <span class='ocrx_word' id='word_1_157' title='bbox 742 1967 870 2036; x_wconf 81' lang='lat' dir='ltr'><strong>occasio,</strong></span> <span class='ocrx_word' id='word_1_158' title='bbox 900 1986 991 2043; x_wconf 88' lang='lat' dir='ltr'><strong>genus</strong></span> <span class='ocrx_word' id='word_1_159' title='bbox 1018 1988 1097 2026; x_wconf 90' lang='lat' dir='ltr'><strong>sunm</strong></span> 
     </span>
    </p>
   </div>
   <div class='ocr_carea' id='block_1_12' title="bbox 113 2049 1096 2215">
    <p class='ocr_par' dir='ltr' id='par_1_13' title="bbox 113 2049 1096 2215">
     <span class='ocr_line' id='line_1_21' title="bbox 113 2049 1096 2132; baseline 0.003 -24"><span class='ocrx_word' id='word_1_160' title='bbox 113 2051 182 2108; x_wconf 90' lang='lat' dir='ltr'><strong>mihi</strong></span> <span class='ocrx_word' id='word_1_161' title='bbox 200 2049 334 2126; x_wconf 80' lang='lat' dir='ltr'><strong>exposuit</strong></span> <span class='ocrx_word' id='word_1_162' title='bbox 351 2068 385 2107; x_wconf 89' lang='lat' dir='ltr'><strong>ac</strong></span> <span class='ocrx_word' id='word_1_163' title='bbox 404 2050 549 2121; x_wconf 79' lang='lat' dir='ltr'><strong>familiam,</strong></span> <span class='ocrx_word' id='word_1_164' title='bbox 571 2061 600 2110; x_wconf 89' lang='lat' dir='ltr'><strong>et</strong></span> <span class='ocrx_word' id='word_1_165' title='bbox 618 2051 694 2129; x_wconf 93' lang='lat' dir='ltr'><strong>quod</strong></span> <span class='ocrx_word' id='word_1_166' title='bbox 712 2051 878 2132; x_wconf 88' lang='lat' dir='ltr'><strong>parentllms</strong></span> <span class='ocrx_word' id='word_1_167' title='bbox 893 2054 1096 2111; x_wconf 87' lang='lat' dir='ltr'><strong>essetarhatus</strong></span> 
     </span>
     <span class='ocr_line' id='line_1_22' title="bbox 113 2133 1095 2215; baseline 0 -21"><span class='ocrx_word' id='word_1_168' title='bbox 113 2134 241 2215; x_wconf 88' lang='lat' dir='ltr'><strong>duosque</strong></span> <span class='ocrx_word' id='word_1_169' title='bbox 261 2133 405 2192; x_wconf 89' lang='lat' dir='ltr'><strong>habuisset</strong></span> <span class='ocrx_word' id='word_1_170' title='bbox 422 2137 534 2214; x_wconf 87' lang='lat' dir='ltr'><strong>priores</strong></span> <span class='ocrx_word' id='word_1_171' title='bbox 553 2155 584 2194; x_wconf 90' lang='lat' dir='ltr'><strong>se</strong></span> <span class='ocrx_word' id='word_1_172' title='bbox 604 2137 735 2213; x_wconf 81' lang='lat' dir='ltr'><strong>genuinos</strong></span> <span class='ocrx_word' id='word_1_173' title='bbox 750 2138 871 2209; x_wconf 69' lang='lat' dir='ltr'><strong>iratres,</strong></span> <span class='ocrx_word' id='word_1_174' title='bbox 892 2149 921 2194; x_wconf 89' lang='lat' dir='ltr'><strong>et</strong></span> <span class='ocrx_word' id='word_1_175' title='bbox 932 2139 1006 2194; x_wconf 86' lang='lat' dir='ltr'><strong>sient</strong></span> <span class='ocrx_word' id='word_1_176' title='bbox 1016 2139 1095 2211; x_wconf 85' lang='lat' dir='ltr'><strong>mihi,</strong></span> 
     </span>
    </p>
   </div>
   <div class='ocr_carea' id='block_1_13' title="bbox 10 2220 1098 2383">
    <p class='ocr_par' dir='ltr' id='par_1_14' title="bbox 10 2220 1098 2383">
     <span class='ocr_line' id='line_1_23' title="bbox 10 2220 1096 2301; baseline 0.003 -24"><span class='ocrx_word' id='word_1_177' title='bbox 10 2272 11 2277; x_wconf 73' lang='grc'>,</span> <span class='ocrx_word' id='word_1_178' title='bbox 112 2222 215 2300; x_wconf 81' lang='lat' dir='ltr'><strong>inquit,</strong></span> <span class='ocrx_word' id='word_1_179' title='bbox 236 2232 319 2299; x_wconf 88' lang='lat' dir='ltr'><strong>pater</strong></span> <span class='ocrx_word' id='word_1_180' title='bbox 337 2223 492 2292; x_wconf 84' lang='lat' dir='ltr'><strong>enarravit,</strong></span> <span class='ocrx_word' id='word_1_181' title='bbox 513 2224 651 2280; x_wconf 87' lang='lat' dir='ltr'><strong>somnium</strong></span> <span class='ocrx_word' id='word_1_182' title='bbox 670 2221 741 2280; x_wconf 88' lang='lat' dir='ltr'><strong>vidit</strong></span> <span class='ocrx_word' id='word_1_183' title='bbox 754 2220 1019 2299; x_wconf 87' lang='lat' dir='ltr'><strong>aliquandomatcr,</strong></span> <span class='ocrx_word' id='word_1_184' title='bbox 1040 2244 1096 2301; x_wconf 91' lang='lat' dir='ltr'><strong>quo</strong></span> 
     </span>
     <span class='ocr_line' id='line_1_24' title="bbox 10 2305 1098 2383; baseline 0.001 -18"><span class='ocrx_word' id='word_1_185' title='bbox 10 2310 12 2357; x_wconf 78' lang='lat' dir='ltr'><strong>l</strong></span> <span class='ocrx_word' id='word_1_186' title='bbox 112 2309 190 2367; x_wconf 86' lang='lat' dir='ltr'><strong>iussa</strong></span> <span class='ocrx_word' id='word_1_187' title='bbox 209 2316 333 2364; x_wconf 83' lang='lat' dir='ltr'><strong>est&#39;cnm</strong></span> <span class='ocrx_word' id='word_1_188' title='bbox 352 2307 473 2383; x_wconf 83' lang='lat' dir='ltr'><strong>geminis</strong></span> <span class='ocrx_word' id='word_1_189' title='bbox 492 2306 549 2364; x_wconf 90' lang='lat' dir='ltr'><strong>suis</strong></span> <span class='ocrx_word' id='word_1_190' title='bbox 569 2324 606 2363; x_wconf 79' lang='lat' dir='ltr'><strong>ex</strong></span> <span class='ocrx_word' id='word_1_191' title='bbox 624 2306 694 2363; x_wconf 85' lang='lat' dir='ltr'><strong>urhe</strong></span> <span class='ocrx_word' id='word_1_192' title='bbox 709 2306 799 2365; x_wconf 82' lang='lat' dir='ltr'><strong>Rotae</strong></span> <span class='ocrx_word' id='word_1_193' title='bbox 817 2305 974 2383; x_wconf 85' lang='lat' dir='ltr'><strong>proficisci,</strong></span> <span class='ocrx_word' id='word_1_194' title='bbox 995 2326 1031 2365; x_wconf 91' lang='lat' dir='ltr'><strong>ne</strong></span> <span class='ocrx_word' id='word_1_195' title='bbox 1050 2325 1098 2366; x_wconf 60' lang='lat' dir='ltr'><strong>su-</strong></span> 
     </span>
    </p>
   </div>
   <div class='ocr_carea' id='block_1_14' title="bbox 111 2390 1100 3148">
    <p class='ocr_par' dir='ltr' id='par_1_15' title="bbox 111 2390 1100 3148">
     <span class='ocr_line' id='line_1_25' title="bbox 111 2390 1097 2469; baseline -0.001 -19"><span class='ocrx_word' id='word_1_196' title='bbox 111 2394 174 2451; x_wconf 89' lang='lat' dir='ltr'><strong>hito</strong></span> <span class='ocrx_word' id='word_1_197' title='bbox 194 2404 231 2450; x_wconf 83' lang='lat' dir='ltr'><strong>et</strong></span> <span class='ocrx_word' id='word_1_198' title='bbox 242 2392 351 2469; x_wconf 90' lang='lat' dir='ltr'><strong>pariter</strong></span> <span class='ocrx_word' id='word_1_199' title='bbox 368 2392 532 2449; x_wconf 89' lang='lat' dir='ltr'><strong>interirent.</strong></span> <span class='ocrx_word' id='word_1_200' title='bbox 580 2390 706 2468; x_wconf 85' lang='lat' dir='ltr'><strong>Cumque</strong></span> <span class='ocrx_word' id='word_1_201' title='bbox 725 2390 861 2466; x_wconf 83' lang='lat' dir='ltr'><strong>somnium</strong></span> <span class='ocrx_word' id='word_1_202' title='bbox 880 2390 953 2467; x_wconf 86' lang='lat' dir='ltr'><strong>patri</strong></span> <span class='ocrx_word' id='word_1_203' title='bbox 972 2391 1097 2449; x_wconf 87' lang='lat' dir='ltr'><strong>indicas-</strong></span> 
     </span>
     <span class='ocr_line' id='line_1_26' title="bbox 113 2472 1096 2555; baseline -0.001 -20"><span class='ocrx_word' id='word_1_204' title='bbox 113 2488 171 2546; x_wconf 86' lang='lat' dir='ltr'><strong>set,</strong></span> <span class='ocrx_word' id='word_1_205' title='bbox 191 2478 240 2535; x_wconf 90' lang='lat' dir='ltr'><strong>ille</strong></span> <span class='ocrx_word' id='word_1_206' title='bbox 259 2476 306 2555; x_wconf 90' lang='lat' dir='ltr'><strong>qui</strong></span> <span class='ocrx_word' id='word_1_207' title='bbox 329 2486 430 2533; x_wconf 87' lang='lat' dir='ltr'><strong>tenero</strong></span> <span class='ocrx_word' id='word_1_208' title='bbox 458 2476 532 2532; x_wconf 86' lang='lat' dir='ltr'><strong>lilios</strong></span> <span class='ocrx_word' id='word_1_209' title='bbox 558 2472 694 2552; x_wconf 86' lang='lat' dir='ltr'><strong>diligeret</strong></span> <span class='ocrx_word' id='word_1_210' title='bbox 720 2475 836 2543; x_wconf 81' lang='lat' dir='ltr'><strong>affeetu,</strong></span> <span class='ocrx_word' id='word_1_211' title='bbox 865 2493 902 2531; x_wconf 89' lang='lat' dir='ltr'><strong>ne</strong></span> <span class='ocrx_word' id='word_1_212' title='bbox 930 2474 996 2552; x_wconf 92' lang='lat' dir='ltr'><strong>qnid</strong></span> <span class='ocrx_word' id='word_1_213' title='bbox 1019 2477 1096 2535; x_wconf 89' lang='lat' dir='ltr'><strong>lorte</strong></span> 
     </span>
     <span class='ocr_line' id='line_1_27' title="bbox 112 2560 1097 2639; baseline -0.001 -19"><span class='ocrx_word' id='word_1_214' title='bbox 112 2562 180 2620; x_wconf 89' lang='lat' dir='ltr'><strong>mali</strong></span> <span class='ocrx_word' id='word_1_215' title='bbox 197 2572 378 2639; x_wconf 82' lang='lat' dir='ltr'><strong>paterentur,</strong></span> <span class='ocrx_word' id='word_1_216' title='bbox 396 2577 515 2619; x_wconf 82' lang='lat' dir='ltr'><strong>uxorem</strong></span> <span class='ocrx_word' id='word_1_217' title='bbox 534 2560 695 2637; x_wconf 83' lang='lat' dir='ltr'><strong>pariterue</strong></span> <span class='ocrx_word' id='word_1_218' title='bbox 714 2560 788 2618; x_wconf 89' lang='lat' dir='ltr'><strong>lilios</strong></span> <span class='ocrx_word' id='word_1_219' title='bbox 807 2560 871 2618; x_wconf 87' lang='lat' dir='ltr'><strong>navi</strong></span> <span class='ocrx_word' id='word_1_220' title='bbox 890 2578 953 2617; x_wconf 89' lang='lat' dir='ltr'><strong>eum</strong></span> <span class='ocrx_word' id='word_1_221' title='bbox 968 2561 1097 2620; x_wconf 88' lang='lat' dir='ltr'><strong>omnihus</strong></span> 
     </span>
     <span class='ocr_line' id='line_1_28' title="bbox 113 2643 1097 2723; baseline -0.002 -18"><span class='ocrx_word' id='word_1_222' title='bbox 113 2648 286 2705; x_wconf 86' lang='lat' dir='ltr'><strong>necessariis</strong></span> <span class='ocrx_word' id='word_1_223' title='bbox 312 2646 479 2723; x_wconf 90' lang='lat' dir='ltr'><strong>impositos,</strong></span> <span class='ocrx_word' id='word_1_224' title='bbox 510 2644 613 2704; x_wconf 86' lang='lat' dir='ltr'><strong>emittit</strong></span> <span class='ocrx_word' id='word_1_225' title='bbox 639 2644 768 2703; x_wconf 87' lang='lat' dir='ltr'><strong>Athenas</strong></span> <span class='ocrx_word' id='word_1_226' title='bbox 796 2643 980 2703; x_wconf 90' lang='lat' dir='ltr'><strong>erudiendos.</strong></span> <span class='ocrx_word' id='word_1_227' title='bbox 1008 2644 1097 2703; x_wconf 87' lang='lat' dir='ltr'><strong>&#39;Post</strong></span> 
     </span>
     <span class='ocr_line' id='line_1_29' title="bbox 111 2730 1096 2809; baseline -0.002 -20"><span class='ocrx_word' id='word_1_228' title='bbox 111 2731 186 2789; x_wconf 91' lang='lat' dir='ltr'><strong>haee</strong></span> <span class='ocrx_word' id='word_1_229' title='bbox 206 2733 281 2790; x_wconf 86' lang='lat' dir='ltr'><strong>misit</strong></span> <span class='ocrx_word' id='word_1_230' title='bbox 298 2730 386 2789; x_wconf 90' lang='lat' dir='ltr'><strong>semel</strong></span> <span class='ocrx_word' id='word_1_231' title='bbox 406 2730 555 2787; x_wconf 88' lang='lat' dir='ltr'><strong>etiterum</strong></span> <span class='ocrx_word' id='word_1_232' title='bbox 575 2730 621 2809; x_wconf 90' lang='lat' dir='ltr'><strong>qni</strong></span> <span class='ocrx_word' id='word_1_233' title='bbox 640 2730 835 2807; x_wconf 80' lang='lat' dir='ltr'><strong>requirerent,</strong></span> <span class='ocrx_word' id='word_1_234' title='bbox 861 2741 890 2789; x_wconf 86' lang='lat' dir='ltr'><strong>et</strong></span> <span class='ocrx_word' id='word_1_235' title='bbox 908 2750 1042 2809; x_wconf 90' lang='lat' dir='ltr'><strong>nusquam</strong></span> <span class='ocrx_word' id='word_1_236' title='bbox 1062 2732 1096 2788; x_wconf 93' lang='lat' dir='ltr'><strong>il-</strong></span> 
     </span>
     <span class='ocr_line' id='line_1_30' title="bbox 112 2813 1098 2894; baseline -0.001 -19"><span class='ocrx_word' id='word_1_237' title='bbox 112 2818 166 2875; x_wconf 88' lang='lat' dir='ltr'><strong>lius</strong></span> <span class='ocrx_word' id='word_1_238' title='bbox 185 2836 221 2875; x_wconf 88' lang='lat' dir='ltr'><strong>ne</strong></span> <span class='ocrx_word' id='word_1_239' title='bbox 239 2817 391 2893; x_wconf 85' lang='lat' dir='ltr'><strong>vestigium</strong></span> <span class='ocrx_word' id='word_1_240' title='bbox 411 2813 523 2893; x_wconf 90' lang='lat' dir='ltr'><strong>quidem</strong></span> <span class='ocrx_word' id='word_1_241' title='bbox 542 2816 664 2893; x_wconf 89' lang='lat' dir='ltr'><strong>reperit.</strong></span> <span class='ocrx_word' id='word_1_242' title='bbox 711 2816 778 2893; x_wconf 91' lang='lat' dir='ltr'><strong>lpse</strong></span> <span class='ocrx_word' id='word_1_243' title='bbox 804 2813 841 2873; x_wconf 86' lang='lat' dir='ltr'><strong>ad</strong></span> <span class='ocrx_word' id='word_1_244' title='bbox 867 2815 991 2874; x_wconf 88' lang='lat' dir='ltr'><strong>altimum</strong></span> <span class='ocrx_word' id='word_1_245' title='bbox 1014 2827 1098 2894; x_wconf 87' lang='lat' dir='ltr'><strong>pater</strong></span> 
     </span>
     <span class='ocr_line' id='line_1_31' title="bbox 111 2898 1095 2980; baseline -0.002 -20"><span class='ocrx_word' id='word_1_246' title='bbox 111 2901 149 2960; x_wconf 84' lang='lat' dir='ltr'><strong>ad</strong></span> <span class='ocrx_word' id='word_1_247' title='bbox 168 2901 365 2980; x_wconf 86' lang='lat' dir='ltr'><strong>inquirendum</strong></span> <span class='ocrx_word' id='word_1_248' title='bbox 384 2900 587 2978; x_wconf 85' lang='lat' dir='ltr'><strong>proficiscitur,</strong></span> <span class='ocrx_word' id='word_1_249' title='bbox 609 2912 639 2958; x_wconf 90' lang='lat' dir='ltr'><strong>et</strong></span> <span class='ocrx_word' id='word_1_250' title='bbox 657 2906 746 2978; x_wconf 87' lang='lat' dir='ltr'><strong>usqne</strong></span> <span class='ocrx_word' id='word_1_251' title='bbox 765 2898 799 2958; x_wconf 90' lang='lat' dir='ltr'><strong>ad</strong></span> <span class='ocrx_word' id='word_1_252' title='bbox 819 2905 1021 2977; x_wconf 81' lang='lat' dir='ltr'><strong>praesansnec</strong></span> <span class='ocrx_word' id='word_1_253' title='bbox 1033 2902 1095 2979; x_wconf 86' lang='lat' dir='ltr'><strong>ipso</strong></span> 
     </span>
     <span class='ocr_line' id='line_1_32' title="bbox 112 2984 1100 3066; baseline -0.003 -22"><span class='ocrx_word' id='word_1_254' title='bbox 112 2986 227 3066; x_wconf 84' lang='lat' dir='ltr'><strong>qnidam</strong></span> <span class='ocrx_word' id='word_1_255' title='bbox 246 3006 362 3063; x_wconf 88' lang='lat' dir='ltr'><strong>usquam</strong></span> <span class='ocrx_word' id='word_1_256' title='bbox 381 2996 435 3043; x_wconf 87' lang='lat' dir='ltr'><strong>est.</strong></span> <span class='ocrx_word' id='word_1_257' title='bbox 483 2986 562 3043; x_wconf 89' lang='lat' dir='ltr'><strong>llaec</strong></span> <span class='ocrx_word' id='word_1_258' title='bbox 581 3004 643 3043; x_wconf 90' lang='lat' dir='ltr'><strong>oum</strong></span> <span class='ocrx_word' id='word_1_259' title='bbox 662 2987 729 3043; x_wconf 88' lang='lat' dir='ltr'><strong>mihi</strong></span> <span class='ocrx_word' id='word_1_260' title='bbox 758 2984 891 3043; x_wconf 85' lang='lat' dir='ltr'><strong>Clemens</strong></span> <span class='ocrx_word' id='word_1_261' title='bbox 919 2996 1100 3056; x_wconf 79' lang='lat' dir='ltr'><strong>enarrasset,</strong></span> 
     </span>
     <span class='ocr_line' id='line_1_33' title="bbox 111 3066 1095 3148; baseline -0.002 -19"><span class='ocrx_word' id='word_1_262' title='bbox 111 3071 240 3129; x_wconf 87' lang='lat' dir='ltr'><strong>accessit</strong></span> <span class='ocrx_word' id='word_1_263' title='bbox 257 3067 294 3126; x_wconf 90' lang='lat' dir='ltr'><strong>ad</strong></span> <span class='ocrx_word' id='word_1_264' title='bbox 312 3090 364 3127; x_wconf 90' lang='lat' dir='ltr'><strong>nos</strong></span> <span class='ocrx_word' id='word_1_265' title='bbox 383 3068 495 3148; x_wconf 88' lang='lat' dir='ltr'><strong>quidam</strong></span> <span class='ocrx_word' id='word_1_266' title='bbox 513 3090 630 3146; x_wconf 76' lang='lat' dir='ltr'><strong>rogam,</strong></span> <span class='ocrx_word' id='word_1_267' title='bbox 651 3080 683 3127; x_wconf 88' lang='lat' dir='ltr'><strong>ut</strong></span> <span class='ocrx_word' id='word_1_268' title='bbox 700 3068 736 3127; x_wconf 92' lang='lat' dir='ltr'><strong>ad</strong></span> <span class='ocrx_word' id='word_1_269' title='bbox 754 3069 872 3125; x_wconf 91' lang='lat' dir='ltr'><strong>insulam</strong></span> <span class='ocrx_word' id='word_1_270' title='bbox 881 3066 1008 3126; x_wconf 82' lang='lat' dir='ltr'><strong>Aradum</strong></span> <span class='ocrx_word' id='word_1_271' title='bbox 1023 3090 1095 3146; x_wconf 89' lang='lat' dir='ltr'><strong>quae</strong></span> 
     </span>
    </p>
   </div>
   <div class='ocr_carea' id='block_1_15' title="bbox 10 3152 1097 3231">
    <p class='ocr_par' dir='ltr' id='par_1_16' title="bbox 10 3152 1097 3231">
     <span class='ocr_line' id='line_1_34' title="bbox 10 3152 1097 3231; baseline -0.006 -16"><span class='ocrx_word' id='word_1_272' title='bbox 10 3186 11 3189; x_wconf 38' lang='lat'>¹</span> <span class='ocrx_word' id='word_1_273' title='bbox 94 3156 207 3214; x_wconf 87' lang='lat' dir='ltr'><strong>&#39;vicina</strong></span> <span class='ocrx_word' id='word_1_274' title='bbox 226 3164 288 3211; x_wconf 88' lang='lat' dir='ltr'><strong>erat</strong></span> <span class='ocrx_word' id='word_1_275' title='bbox 307 3152 522 3225; x_wconf 85' lang='lat' dir='ltr'><strong>accederemus,</strong></span> <span class='ocrx_word' id='word_1_276' title='bbox 544 3152 659 3212; x_wconf 91' lang='lat' dir='ltr'><strong>videndi</strong></span> <span class='ocrx_word' id='word_1_277' title='bbox 678 3155 772 3231; x_wconf 85' lang='lat' dir='ltr'><strong>gratia</strong></span> <span class='ocrx_word' id='word_1_278' title='bbox 790 3153 1097 3211; x_wconf 66' lang='lat' dir='ltr'><strong>colamnasvltoasmh</strong></span> 
     </span>
    </p>
   </div>
   <div class='ocr_carea' id='block_1_16' title="bbox 25 3235 1096 3659">
    <p class='ocr_par' dir='ltr' id='par_1_17' title="bbox 112 3235 1096 3323">
     <span class='ocr_line' id='line_1_35' title="bbox 112 3235 1096 3323; baseline -0.004 -24"><span class='ocrx_word' id='word_1_279' title='bbox 112 3259 163 3299; x_wconf 83' lang='lat' dir='ltr'><strong>rae</strong></span> <span class='ocrx_word' id='word_1_280' title='bbox 182 3237 399 3316; x_wconf 64' lang='lat' dir='ltr'><strong>magnitudinisq</strong></span> <span class='ocrx_word' id='word_1_281' title='bbox 420 3238 563 3323; x_wconf 75' lang='lat' dir='ltr'><strong>adquievi,</strong></span> <span class='ocrx_word' id='word_1_282' title='bbox 583 3249 698 3297; x_wconf 89' lang='lat' dir='ltr'><strong>ventum</strong></span> <span class='ocrx_word' id='word_1_283' title='bbox 721 3235 819 3295; x_wconf 88' lang='lat' dir='ltr'><strong>estad</strong></span> <span class='ocrx_word' id='word_1_284' title='bbox 847 3238 955 3308; x_wconf 89' lang='lat' dir='ltr'><strong>locum,</strong></span> <span class='ocrx_word' id='word_1_285' title='bbox 985 3238 1096 3295; x_wconf 79' lang='lat' dir='ltr'><strong>caeteri</strong></span> 
     </span>
    </p>

    <p class='ocr_par' dir='ltr' id='par_1_18' title="bbox 114 3320 1095 3487">
     <span class='ocr_line' id='line_1_36' title="bbox 114 3320 1095 3401; baseline -0.004 -17"><span class='ocrx_word' id='word_1_286' title='bbox 114 3344 212 3384; x_wconf 89' lang='lat' dir='ltr'><strong>omnes</strong></span> <span class='ocrx_word' id='word_1_287' title='bbox 232 3320 468 3383; x_wconf 63' lang='lat' dir='ltr'><strong>interiora&#39;aedis</strong></span> <span class='ocrx_word' id='word_1_288' title='bbox 486 3325 621 3401; x_wconf 83' lang='lat' dir='ltr'><strong>ingressi,</strong></span> <span class='ocrx_word' id='word_1_289' title='bbox 642 3324 836 3382; x_wconf 87' lang='lat' dir='ltr'><strong>mihi-animus</strong></span> <span class='ocrx_word' id='word_1_290' title='bbox 854 3324 954 3381; x_wconf 87' lang='lat' dir='ltr'><strong>nescio</strong></span> <span class='ocrx_word' id='word_1_291' title='bbox 966 3323 1002 3382; x_wconf 89' lang='lat' dir='ltr'><strong>oh</strong></span> <span class='ocrx_word' id='word_1_292' title='bbox 1014 3343 1095 3401; x_wconf 90' lang='lat' dir='ltr'><strong>qnam</strong></span> 
     </span>
     <span class='ocr_line' id='line_1_37' title="bbox 114 3407 718 3487; baseline -0.003 -18"><span class='ocrx_word' id='word_1_293' title='bbox 114 3430 240 3469; x_wconf 89' lang='lat' dir='ltr'><strong>caussam</strong></span> <span class='ocrx_word' id='word_1_294' title='bbox 258 3407 441 3487; x_wconf 82' lang='lat' dir='ltr'><strong>ingrediendi</strong></span> <span class='ocrx_word' id='word_1_295' title='bbox 460 3410 533 3468; x_wconf 89' lang='lat' dir='ltr'><strong>altra</strong></span> <span class='ocrx_word' id='word_1_296' title='bbox 552 3430 608 3467; x_wconf 89' lang='lat' dir='ltr'><strong>non</strong></span> <span class='ocrx_word' id='word_1_297' title='bbox 628 3407 718 3468; x_wconf 88' lang='lat' dir='ltr'><strong>dedit.</strong></span> 
     </span>
    </p>

    <p class='ocr_par' dir='ltr' id='par_1_19' title="bbox 25 3492 1096 3572">
     <span class='ocr_line' id='line_1_38' title="bbox 25 3492 1096 3572; baseline -0.004 -18"><span class='ocrx_word' id='word_1_298' title='bbox 25 3492 29 3498; x_wconf 70' lang='grc'><strong><em>’</em></strong></span> <span class='ocrx_word' id='word_1_299' title='bbox 156 3495 213 3553; x_wconf 73' lang='lat'><strong>27.</strong></span> <span class='ocrx_word' id='word_1_300' title='bbox 261 3493 321 3553; x_wconf 85' lang='lat' dir='ltr'><strong>Sed</strong></span> <span class='ocrx_word' id='word_1_301' title='bbox 338 3492 403 3553; x_wconf 91' lang='lat' dir='ltr'><strong>dum</strong></span> <span class='ocrx_word' id='word_1_302' title='bbox 422 3494 491 3552; x_wconf 82' lang='lat' dir='ltr'><strong>illos&#39;</strong></span> <span class='ocrx_word' id='word_1_303' title='bbox 505 3495 576 3552; x_wconf 84' lang='lat' dir='ltr'><strong>foris</strong></span> <span class='ocrx_word' id='word_1_304' title='bbox 595 3496 742 3572; x_wconf 81' lang='lat' dir='ltr'><strong>opperior,</strong></span> <span class='ocrx_word' id='word_1_305' title='bbox 763 3494 920 3551; x_wconf 88' lang='lat' dir='ltr'><strong>mulierem</strong></span> <span class='ocrx_word' id='word_1_306' title='bbox 934 3494 1006 3552; x_wconf 87' lang='lat' dir='ltr'><strong>hane</strong></span> <span class='ocrx_word' id='word_1_307' title='bbox 1026 3514 1096 3551; x_wconf 90' lang='lat' dir='ltr'><strong>con·</strong></span> 
     </span>
    </p>

    <p class='ocr_par' dir='ltr' id='par_1_20' title="bbox 113 3576 1095 3659">
     <span class='ocr_line' id='line_1_39' title="bbox 113 3576 1095 3659; baseline -0.003 -21"><span class='ocrx_word' id='word_1_308' title='bbox 113 3578 242 3639; x_wconf 89' lang='lat' dir='ltr'><strong>siderare</strong></span> <span class='ocrx_word' id='word_1_309' title='bbox 262 3580 346 3658; x_wconf 89' lang='lat' dir='ltr'><strong>coepi</strong></span> <span class='ocrx_word' id='word_1_310' title='bbox 366 3599 420 3659; x_wconf 89' lang='lat' dir='ltr'><strong>qua</strong></span> <span class='ocrx_word' id='word_1_311' title='bbox 447 3589 528 3657; x_wconf 89' lang='lat' dir='ltr'><strong>parte</strong></span> <span class='ocrx_word' id='word_1_312' title='bbox 555 3579 745 3638; x_wconf 86' lang='lat' dir='ltr'><strong>membrorum</strong></span> <span class='ocrx_word' id='word_1_313' title='bbox 765 3589 843 3637; x_wconf 89' lang='lat' dir='ltr'><strong>esset</strong></span> <span class='ocrx_word' id='word_1_314' title='bbox 861 3576 974 3649; x_wconf 88' lang='lat' dir='ltr'><strong>dehilis,</strong></span> <span class='ocrx_word' id='word_1_315' title='bbox 995 3589 1026 3637; x_wconf 89' lang='lat' dir='ltr'><strong>ut</strong></span> <span class='ocrx_word' id='word_1_316' title='bbox 1039 3584 1095 3635; x_wconf 79' lang='lat' dir='ltr'><strong>no&#39;u</strong></span> 
     </span>
    </p>
   </div>
   <div class='ocr_carea' id='block_1_17' title="bbox 10 3661 1095 3743">
    <p class='ocr_par' dir='ltr' id='par_1_21' title="bbox 10 3661 1095 3743">
     <span class='ocr_line' id='line_1_40' title="bbox 10 3661 1095 3743; baseline -0.003 -21"><span class='ocrx_word' id='word_1_317' title='bbox 10 3686 11 3711; x_wconf 72' lang='grc' dir='ltr'><strong>ι</strong></span> <span class='ocrx_word' id='word_1_318' title='bbox 113 3664 213 3723; x_wconf 89' lang='lat' dir='ltr'><strong>labore</strong></span> <span class='ocrx_word' id='word_1_319' title='bbox 233 3684 360 3723; x_wconf 89' lang='lat' dir='ltr'><strong>mannum</strong></span> <span class='ocrx_word' id='word_1_320' title='bbox 380 3666 484 3722; x_wconf 86' lang='lat' dir='ltr'><strong>victum</strong></span> <span class='ocrx_word' id='word_1_321' title='bbox 504 3674 670 3743; x_wconf 87' lang='lat' dir='ltr'><strong>quaereret,</strong></span> <span class='ocrx_word' id='word_1_322' title='bbox 691 3662 743 3722; x_wconf 87' lang='lat' dir='ltr'><strong>sed</strong></span> <span class='ocrx_word' id='word_1_323' title='bbox 753 3663 944 3723; x_wconf 87' lang='lat' dir='ltr'><strong>mendicitatis</strong></span> <span class='ocrx_word' id='word_1_324' title='bbox 957 3661 1095 3741; x_wconf 91' lang='lat' dir='ltr'><strong>pudorem</strong></span> 
     </span>
    </p>
   </div>
   <div class='ocr_carea' id='block_1_18' title="bbox 114 3741 1095 3827">
    <p class='ocr_par' dir='ltr' id='par_1_22' title="bbox 114 3741 1095 3827">
     <span class='ocr_line' id='line_1_41' title="bbox 114 3741 1095 3827; baseline -0.003 -20"><span class='ocrx_word' id='word_1_325' title='bbox 114 3749 238 3821; x_wconf 66' lang='lat' dir='ltr'><strong>suhiretq</strong></span> <span class='ocrx_word' id='word_1_326' title='bbox 259 3751 375 3827; x_wconf 88' lang='lat' dir='ltr'><strong>requiro</strong></span> <span class='ocrx_word' id='word_1_327' title='bbox 395 3769 466 3827; x_wconf 87' lang='lat' dir='ltr'><strong>ergo</strong></span> <span class='ocrx_word' id='word_1_328' title='bbox 486 3749 521 3807; x_wconf 89' lang='lat' dir='ltr'><strong>ah</strong></span> <span class='ocrx_word' id='word_1_329' title='bbox 540 3770 578 3816; x_wconf 85' lang='lat' dir='ltr'><strong>ca</strong></span> <span class='ocrx_word' id='word_1_330' title='bbox 595 3767 723 3809; x_wconf 85' lang='lat' dir='ltr'><strong>caussas.</strong></span> <span class='ocrx_word' id='word_1_331' title='bbox 769 3741 927 3810; x_wconf 51' lang='lat' dir='ltr'><strong>llla&#39;nohili</strong></span> <span class='ocrx_word' id='word_1_332' title='bbox 955 3765 987 3805; x_wconf 88' lang='lat' dir='ltr'><strong>se</strong></span> <span class='ocrx_word' id='word_1_333' title='bbox 1005 3757 1095 3804; x_wconf 88' lang='lat' dir='ltr'><strong>ortam</strong></span> 
     </span>
    </p>
   </div>
   <div class='ocr_carea' id='block_1_19' title="bbox 10 3831 1096 3913">
    <p class='ocr_par' dir='ltr' id='par_1_23' title="bbox 10 3831 1096 3913">
     <span class='ocr_line' id='line_1_42' title="bbox 10 3831 1096 3913; baseline -0.005 -21"><span class='ocrx_word' id='word_1_334' title='bbox 10 3876 11 3913; x_wconf 66' lang='lat'>3</span> <span class='ocrx_word' id='word_1_335' title='bbox 114 3852 236 3910; x_wconf 78' lang='lat' dir='ltr'><strong>geuene,</strong></span> <span class='ocrx_word' id='word_1_336' title='bbox 257 3844 287 3892; x_wconf 89' lang='lat' dir='ltr'><strong>et</strong></span> <span class='ocrx_word' id='word_1_337' title='bbox 304 3834 392 3893; x_wconf 88' lang='lat' dir='ltr'><strong>nobili</strong></span> <span class='ocrx_word' id='word_1_338' title='bbox 411 3834 590 3893; x_wconf 91' lang='lat' dir='ltr'><strong>nihilomiuus</strong></span> <span class='ocrx_word' id='word_1_339' title='bbox 609 3834 671 3891; x_wconf 93' lang='lat' dir='ltr'><strong>viro</strong></span> <span class='ocrx_word' id='word_1_340' title='bbox 690 3831 1096 3891; x_wconf 83' lang='lat' dir='ltr'><strong>inmatrlmoniohrisseiunc·</strong></span> 
     </span>
    </p>
   </div>
   <div class='ocr_carea' id='block_1_20' title="bbox 114 3915 1094 3998">
    <p class='ocr_par' dir='ltr' id='par_1_24' title="bbox 114 3915 1094 3998">
     <span class='ocr_line' id='line_1_43' title="bbox 114 3915 1094 3998; baseline -0.003 -22"><span class='ocrx_word' id='word_1_341' title='bbox 114 3930 169 3977; x_wconf 87' lang='lat' dir='ltr'><strong>tam</strong></span> <span class='ocrx_word' id='word_1_342' title='bbox 189 3919 307 3991; x_wconf 85' lang='lat' dir='ltr'><strong>latetur,</strong></span> <span class='ocrx_word' id='word_1_343' title='bbox 329 3920 409 3987; x_wconf 84' lang='lat' dir='ltr'><strong>enias</strong></span> <span class='ocrx_word' id='word_1_344' title='bbox 427 3920 529 3992; x_wconf 81' lang='lat' dir='ltr'><strong>irater,</strong></span> <span class='ocrx_word' id='word_1_345' title='bbox 550 3920 651 3998; x_wconf 88' lang='lat' dir='ltr'><strong>inquit,</strong></span> <span class='ocrx_word' id='word_1_346' title='bbox 673 3919 702 3977; x_wconf 94' lang='lat' dir='ltr'><strong>in</strong></span> <span class='ocrx_word' id='word_1_347' title='bbox 719 3936 765 3976; x_wconf 87' lang='lat' dir='ltr'><strong>me</strong></span> <span class='ocrx_word' id='word_1_348' title='bbox 792 3916 893 3975; x_wconf 90' lang='lat' dir='ltr'><strong>illicito</strong></span> <span class='ocrx_word' id='word_1_349' title='bbox 920 3934 1019 3976; x_wconf 85' lang='lat' dir='ltr'><strong>amore</strong></span> <span class='ocrx_word' id='word_1_350' title='bbox 1050 3915 1094 3973; x_wconf 93' lang='lat' dir='ltr'><strong>in-</strong></span> 
     </span>
    </p>
   </div>
   <div class='ocr_carea' id='block_1_21' title="bbox 0 0 1323 4400">
    <p class='ocr_par' dir='ltr' id='par_1_25' title="bbox 0 0 1323 4400">
     <span class='ocr_line' id='line_1_44' title="bbox 0 0 1323 4400; baseline 0 0"><span class='ocrx_word' id='word_1_351' title='bbox 0 0 1323 4400; x_wconf 95' lang='lat' dir='ltr'><strong> </strong></span> 
     </span>
    </p>
   </div>
  </div>
 </body>
</html>
