2634 4400
608 239 651 300 {a

523 335 736 346 u-—a—

138 446 272 526 pbeticae
281 444 458 524 magnitudo,
479 457 510 506 et
527 447 603 524 qnia,
623 457 654 506 nt
668 446 722 517 ais,
742 463 797 505 nec
811 447 836 505 si
850 465 907 524 ego
918 447 979 526 ipse
994 407 1125 526 cupiam,

139 529 215 610 quod
233 531 318 603 absit,
338 542 441 610 potero
460 542 489 590 te
509 541 703 592 transvertere
721 533 751 589 in
768 532 851 590 aliam
870 531 966 592 fidem.
1000 532 1045 590 Ex
1062 533 1118 591 boo

138 619 193 675 iam
203 617 299 695 incipe
313 635 379 675 esse
398 616 556 688 nobiscum,
577 626 608 676 et
625 617 750 675 crastina
768 615 815 675 ulie
833 619 975 677 interesto
993 615 1118 696 disputa-

138 701 262 760 tionibus
280 703 402 774 nostris3
428 703 484 760 erit
500 703 575 760 enim
594 701 662 760 inibi
681 712 826 760 certamen
846 721 908 760 cnm
924 702 1041 761 Simone
1059 723 1118 761 ma-

139 807 189 865 go.
238 786 364 865 Cumque
392 747 465 844 baec
494 785 629 856 dixisset,
658 788 797 857 secessit,
826 797 857 845 nt
879 786 972 845 eibum
1000 797 1119 866 caperet

139 891 201 930 cnm
221 873 289 943 suis,
311 891 355 930 me
383 883 475 930 autem
503 889 631 930 seorsum
659 872 738 930 vesei
761 873 853 930 iussit
882 871 920 928 Et
942 883 1007 950 post
1026 872 1140 942 cibum
1158 860 1217 945 §aa

139 977 202 1015 cnm
218 955 331 1018 laudem
351 955 479 1015 dedisset
505 955 560 1014 deo
588 967 618 1015 et
645 956 753 1032 gratias
779 957 904 1033 egisset,
934 957 1018 1018 etiam
1037 944 1141 1015 lutosi

137 1042 225 1120 ipsius
244 1043 313 1099 iacti
331 1042 398 1099 mibi
416 1039 542 1100 reddidit
559 1042 711 1112 rationem,
732 1051 762 1100 et
779 1039 899 1111 addidit,
921 1038 1036 1098 diceus:
1062 1037 1120 1100 Det

138 1127 190 1185 tibi
209 1125 336 1185 dominus
356 1127 509 1204 exaequari
529 1125 637 1186 nobis
628 1147 656 1183 ιιι
676 1125 820 1196 omnibus,
845 1135 877 1182 nt
893 1137 1031 1204 percepto
1050 1125 1120 1204 bap-

139 1213 251 1270 tismate
270 1213 362 1290 possis
381 1211 417 1270 ad
436 1209 556 1270 eandem
575 1211 722 1269 nobiscum
741 1211 897 1269 convenire
915 1229 1051 1269 mensam.
1083 1211 1119 1269 lit

138 1296 182 1354 bis
202 1295 297 1369 dictis,
319 1298 469 1376 quiescere
488 1314 533 1356 me
551 1297 648 1368 iussit3
669 1297 723 1354 iam
743 1297 818 1355 enim
832 1294 868 1354 ad
882 1314 1009 1354 somnum
1025 1306 1055 1355 ct
1067 1315 1119 1354 na-

139 1394 201 1441 tura
221 1383 362 1461 corporis,
384 1394 413 1441 et
430 1383 504 1441 ratio
523 1383 659 1462 temporis
679 1381 825 1442 invitabat.

181 1466 236 1526 20.
285 1467 404 1526 Postera
421 1487 491 1526 voro
514 1465 563 1526 die
588 1469 740 1526 matutinus
762 1466 798 1525 ad
823 1487 875 1525 nos
902 1466 1120 1545 ingrediebatur

138 1552 317 1624 Zacchaeus,
334 1563 364 1610 et
382 1571 443 1610 cum
463 1552 625 1624 salutasset,
646 1553 687 1611 ait
703 1551 740 1611 ad
754 1552 884 1611 Petrum:
905 1550 1009 1611 Dili'crt
1020 1553 1118 1612 Simon

139 1638 304 1705 certaminis
322 1636 394 1694 diem
419 1639 446 1695 in
466 1636 642 1696 undecimam
661 1640 767 1696 mensis
784 1637 961 1717 praesentis,
982 1656 1054 1716 qnae
1074 1649 1120 1696 est

138 1733 204 1801 post
221 1733 329 1801 septem
349 1721 422 1782 dies.
467 1722 546 1782 Tunc
570 1723 643 1781 enim
671 1723 762 1799 magis
787 1742 905 1780 vaenum
927 1723 982 1779 sibi
1005 1721 1119 1801 discep-

138 1805 216 1866 tandi
235 1818 344 1886 tempus
362 1806 503 1868 adfirmat.
551 1806 611 1866 Sed
630 1818 660 1866 et
677 1808 744 1880 mibi
758 1806 873 1866 videtur
881 1806 1120 1886 comperendine-

138 1893 179 1950 tio
198 1893 260 1951 eins
278 1894 362 1950 ctiam
382 1891 463 1951 nobis
482 1911 548 1951 esse
567 1893 748 1963 necessaria,
768 1903 799 1951 ut
816 1893 913 1971 plu'res
931 1895 1117 1964 conveniant,

139 1978 195 2055 qui·
213 1975 410 2055 disputationis
437 1988 554 2036 nostrae
580 1978 626 2036 vel
652 1976 799 2037 auditores
825 1977 871 2036 vel
897 1975 1008 2036 iudices
1035 1978 1115 2038 liant.
1195 1995 1205 2012 “

137 2061 332 2121 Veruntamen
350 2063 375 2120 si
393 2063 540 2141 probabile
558 2062 609 2120 tibi
627 2061 751 2135 videtur,
773 2063 849 2120 inter
865 2082 959 2120 moros
978 2081 1024 2133 ea,
1045 2082 1119 2140 qnae
1217 2100 1221 2106 ι

138 2147 165 2205 in
186 2143 409 2207 controversiam
428 2149 527 2208 venire
545 2167 631 2227 posse
649 2148 812 2227 opinamur,
833 2149 909 2206 inter
926 2149 1119 2227 nosmetipsos

137 2234 214 2311 prius
234 2232 426 2305 discutiamuS,
447 2244 478 2291 ut
495 2234 688 2311 unusquisque
706 2243 849 2305 nostrum,
879 2252 941 2292 curn
961 2248 1033 2310 quae
1050 2253 1119 2311 pro·

137 2317 268 2395 ponenda
287 2320 344 2376 sint
362 2329 391 2376 et
410 2338 482 2397 quae
496 2314 708 2395 respondendo,
730 2316 911 2394 cognoverit,
927 2316 1001 2393 apud
1012 2328 1118 2375 semet-

138 2404 226 2480 ipsum
246 2413 417 2480 pertractet,
438 2403 462 2459 si
481 2412 563 2460 recte
582 2420 613 2459 se
632 2400 767 2473 babeant,
787 2410 836 2459 ant
853 2402 877 2458 si
896 2401 1118 2479 invenirepote-

137 2488 175 2545 rit
192 2486 298 2566 aliquid
316 2485 495 2545 adversarius
515 2485 591 2565 qnod
614 2486 746 2556 obiiciat,
771 2496 820 2543 ant
842 2504 898 2563 qno
921 2484 1037 2543 obiecta
1057 2487 1119 2544 iru-

137 2581 255 2631 stretur.
287 2570 398 2631 Sisero
411 2572 532 2630 exomni
546 2571 649 2641 latere,
671 2589 744 2649 qnae
762 2590 779 2628 o
798 2569 880 2629 nobis
898 2568 1020 2631 dicenda
1039 2581 1115 2644 sunt,

138 2656 274 2715 claruerit
283 2676 348 2715 esse
359 2658 475 2729 munita,
491 2656 530 2714 ita
541 2655 651 2715 demum
663 2652 1028 2733 confidenter‘quaestioois
1037 2657 1119 2715 inea·

137 2752 183 2801 tur
193 2740 351 2801 exordium.
363 2744 391 2817 1)
411 2741 571 2819 Siquidem
580 2760 643 2800 mea
652 2739 726 2799 haec
734 2750 781 2799 est
789 2742 943 2812 sententia,
965 2738 1119 2819 quodante

138 2826 231 2885 omnia
248 2828 356 2904 requiri
375 2837 518 2905 oporteat,
536 2825 602 2905 quid
613 2826 650 2885 sit
660 2826 781 2884 omnium
792 2826 927 2903 primum,
948 2824 1051 2905 quidve
1065 2827 1118 2883 im·

137 2910 300 2982 mediatum,
314 2910 389 2989 quod
408 2912 492 2969 etiam
512 2930 639 2969 caussam
658 2929 725 2969 esso
745 2911 866 2968 omninm
885 2929 958 2988 quae
976 2922 1052 2982 sunt,
1065 2910 1124 2971 do··
1203 2938 1209 2947 ¹

137 2993 258 3055 cendum
277 3006 336 3068 est3
358 2993 461 3054 deiude
480 3006 583 3053 cuncta
602 3015 674 3074 quac
697 3006 777 3067 sunt,
801 2996 826 3053 si
848 2995 1023 3067 factasunt,
1053 3006 1083 3053 et
1100 3016 1118 3054 a

133 3099 206 3157 quo,
227 3089 257 3136 et
275 3097 426 3157 perquem
444 3081 489 3138 vel
507 3090 626 3159 propter
644 3098 739 3159 quem,
768 3090 860 3138 utrum
886 3079 922 3138 ab
949 3100 1017 3152 nno,
1045 3100 1082 3138 an
1099 3100 1118 3138 a

137 3161 258 3232 dnobus,
279 3182 314 3220 an
333 3182 350 3219 a
368 3164 462 3221 multis
478 3182 621 3240 accepere
640 3164 844 3236 substantiam
866 3174 996 3226 etutrum
1007 3164 1118 3223 exnul-

137 3250 172 3307 lis
190 3246 393 3317 substantibus,
413 3266 449 3305 an
468 3266 506 3305 ex
523 3247 662 3325 aliquibus
681 3258 790 3325 sumpta
808 3249 883 3319 siut,
912 3260 942 3307 et
960 3248 1115 3323 adornata,

136 3344 194 3391 tum
213 3333 237 3390 si
255 3333 348 3409 aliqua
365 3332 454 3390 virtus
472 3342 517 3390 est
535 3332 563 3392 iu
585 3332 741 3403 altissimis,
760 3343 810 3390 ant
826 3332 854 3390 ln
873 3334 1009 3405 inleruis3
1029 3334 1053 3392 si
1072 3344 1118 3393 est

136 3415 241 3499 aliquid
268 3417 367 3476 melius
386 3416 525 3489 omnibus,
554 3427 601 3476 ant
619 3418 730 3478 eunetis
747 3418 881 3489 inlerins3
906 3419 931 3476 si
949 3429 1014 3484 sunt
1030 3418 1118 3500 aliqui

138 3664 349 3675 -n——Q—-a

174 3790 199 3851 ¹)
216 3792 255 3906 Ed
272 3792 392 3905 qnidem
410 3820 442 3829 -
460 3795 641 3853 reperietur
658 3795 779 3854 agnitio
796 3809 849 3843 non
866 3793 1024 3853 legunturin
1040 3797 1115 3843 utro·

137 3872 185 3917 que
203 3872 234 3905 oo
252 3892 258 3905 .
295 3874 342 3919 ιρι.
