2634 4400
555 388 737 408 „v—

137 508 238 579 pereat
255 516 330 557 nune
348 508 380 557 ut
398 494 477 557 linas
494 495 571 556 unde
589 508 634 557 ost
648 497 806 559 substantia
818 498 900 570 mali,
920 498 1029 559 sienim
1040 497 1123 559 adeo

138 586 218 643 lautu
236 594 296 655 est,
317 584 427 642 iruutus
445 583 533 641 malus
551 578 680 643 radicem
698 583 871 661 culpabilem
889 582 991 655 (locet,
1010 583 1124 643 violetur

138 671 214 729 enim
226 670 325 747 etipsa
335 669 428 727 malua
447 679 583 727 naturae:
604 668 627 726 si
646 669 949 732 veroooaeternalnit
966 669 1038 727 haee
1056 670 1124 727 snb-

137 754 244 813 stantia
253 752 321 824 deo,
342 750 591 832 quomodopotest
600 752 676 831 quod
684 754 844 831 aequaliter
856 754 1063 831 ingenitumot
1073 774 1124 812 oo-

136 849 354 909 aeternumest,
375 839 722 898 alteriessesuhiootomt
739 837 807 896 Non
824 835 1013 917 senperluit,
1032 840 1124 918 inquit

136 925 258 1003 Arquila3
279 922 329 981 sel
346 940 438 1001 neque
457 925 481 981 si
500 942 537 981 ex
555 922 609 981 deo
628 924 705 981 laeta
724 931 780 994 est,
800 925 1124 982 continuoneoesseest

136 1008 415 1069 etiamoonulitorem
435 1010 496 1067 eius
510 1005 710 1078 ettennon-t,
731 1009 814 1089 quale
824 1007 946 1067 estillud
957 1007 1033 1087 qnoul
1041 1006 1078 1066 alr
1086 1026 1122 1067 eo

137 1096 312 1153 laetumest.
333 1092 405 1153 Nam
416 1094 589 1152 substautias
597 1090 711 1172 quidem
722 1093 792 1152 (leus
802 1095 873 1152 lenit
883 1095 1016 1164 omnium,
1037 1092 1089 1152 sed
1099 1095 1123 1152 si

137 1179 319 1239 rationabilis
338 1197 417 1238 mens
437 1198 509 1257 quae
528 1199 545 1236 a
564 1177 618 1237 deo
638 1181 716 1237 laeta
734 1190 790 1251 est,
820 1198 996 1259 nequaquam
1023 1178 1124 1237 eondi-

138 1267 212 1323 toris
230 1264 272 1323 sul
292 1264 404 1343 legibus
422 1263 592 1343 adquiescit,
614 1275 645 1321 et
662 1262 774 1322 modum
793 1276 916 1324 statutae
931 1265 987 1322 silei·
1012 1275 1124 1343 tempe·

137 1351 251 1409 nuntiae
262 1348 390 1421 excellit,
411 1347 542 1429 quidhoc
561 1348 596 1407 ad
616 1348 795 1407 conditorem
814 1354 946 1427 spectati
963 1350 1009 1407 vel
1028 1350 1052 1407 si
1071 1349 1124 1407 oli·

137 1456 194 1515 quo
213 1446 258 1493 est
275 1436 349 1494 ratio
368 1436 422 1493 hae
441 1435 582 1513 superior,
604 1435 783 1511 ignoramus,
804 1436 991 1512 nequeenim
1010 1433 1046 1492 de
1065 1436 1124 1492 sin·

138 1522 214 1600 gulis
231 1518 267 1579 ad
287 1521 446 1601 perlectum
464 1520 541 1578 seire
560 1538 719 1598 possumus,
740 1530 770 1576 et
788 1518 825 1584 aa
839 1519 884 1577 luis
899 1520 1057 1599 praecipue
1070 1537 1123 1597 pro

129 1606 240 1685 'quibus
258 1626 315 1665 non
333 1625 427 1664 sumus
445 1604 602 1676 indicandi,
624 1624 677 1662 eur
693 1604 870 1682 ignoremus.
916 1604 959 1663 lla
976 1622 1049 1662 vero
1070 1624 1123 1682 pro

138 1690 240 1771 quihus
258 1689 404 1749 indicandi
423 1688 528 1761 sumu's,
549 1690 685 1749 facillima
704 1700 770 1748 sunt
786 1688 825 1748 all
840 1688 1072 1767 intelligendum,
1094 1699 1124 1747 et

138 1793 232 1855 paene
251 1796 307 1834 uno
325 1794 459 1835 sermono
478 1774 673 1835 absolvuntur.
708 1774 806 1833 llmnis
823 1776 898 1833 enim
917 1772 1123 1853 propemodum

137 1873 253 1921 actuum
271 1872 433 1919 nostrornm
453 1862 481 1918 in
501 1878 537 1918 eo
555 1861 706 1937 colligitur
723 1860 917 1936 observantia,
937 1871 968 1919 ut
985 1857 1062 1938 quod
1079 1862 1124 1939 ip-

138 1948 163 2006 si
181 1948 240 2026 pati
258 1948 399 2019 nolumus,
428 1964 466 2004 na
492 1945 547 2004 hoo
566 1946 629 2004 aliis
656 1946 827 2018 inferamus,
856 1946 932 2004 sieut
957 1947 1033 2005 enim
1059 1946 1142 2023 ipse'

138 2030 235 2091 occidi
254 2052 310 2089 nou
328 2034 384 2103 viS,
405 2050 508 2090 caveas
528 2042 645 2111 oportet
662 2035 699 2089 ne
726 2032 811 2090 alium
839 2029 968 2103 occidas,
993 2041 1024 2089 et
1050 2031 1124 2088 sieut

138 2130 216 2177 tuum
235 2137 291 2175 non
310 2112 353 2177 vis
371 2118 472 2176 violari
490 2118 709 2188 matrimonium,
730 2136 785 2175 neo
803 2127 834 2174 tu
853 2117 972 2175 alterius
996 2114 1123 2173 macules

89 2223 95 2232 ·
138 2215 245 2275 turum,
266 2204 371 2262 lurtum
388 2205 447 2282 pati
465 2223 522 2262 non
541 2204 594 2274 vis,
615 2221 670 2260 nec
688 2200 751 2279 ipse
770 2201 878 2274 laeias3
906 2212 938 2260 et
955 2203 1030 2258 lutra
1048 2201 1122 2258 haue

138 2290 268 2368 regulam
287 2290 471 2348 humanorum
490 2298 637 2365 gestorum
655 2287 768 2362 singula
786 2303 916 2363 quaeque
934 2296 1120 2344 concurrunt.

181 2373 239 2434 5⁷.
282 2373 353 2433 Tum
372 2393 478 2433 sonex:
507 2371 552 2430 Ne
571 2391 675 2450 aegre,
694 2372 796 2449 inquit,
816 2370 944 2449 accipias
962 2369 1018 2441 lili,
1047 2367 1124 2448 quod

140 2459 269 2520 dicturus
287 2477 363 2533 sum,
385 2477 533 2518 sermones
550 2459 592 2515 tui
611 2453 910 2536 qaammsvalitlisint,
930 2473 988 2514 aon
1003 2466 1125 2533 possunt

140 2557 236 2606 tamen
254 2547 376 2606 lleetere
394 2563 440 2603 me
457 2554 489 2602 ut
506 2541 623 2602 erodant
642 2542 706 2600 lieri
724 2539 830 2620 aliquid
847 2560 934 2620 posse
961 2551 1045 2598 extra
1070 2559 1124 2618 ge·

139 2632 242 2692 resim.
289 2631 358 2691 Soio
378 2631 452 2690 enim
471 2631 565 2687 onmia
584 2628 651 2686 milui
670 2627 845 2686 necessitate
855 2628 972 2704 genesis
981 2623 1123 2685 recidisse

139 2729 170 2776 et
192 2716 260 2776 ideo
278 2714 393 2776 suaderi
412 2713 479 2774 milui
498 2734 554 2772 non
574 2723 681 2793 potest,
711 2713 775 2791 qnia
802 2712 848 2771 vel
875 2712 951 2771 liene
977 2712 1023 2770 vul
1050 2711 1123 2769 male

140 2821 230 2880 agere
250 2804 277 2860 in
297 2810 394 2860 nostra
414 2810 557 2880 potestate
576 2801 628 2872 sit,
649 2809 680 2858 et
697 2799 721 2856 si
738 2809 820 2857 actus
843 2808 958 2857 nostros
984 2797 1014 2855 in
1039 2807 1123 2875 pote·

139 2899 214 2946 state
232 2907 289 2945 nou
306 2887 456 2958 habemus,
477 2905 533 2944 non
551 2895 649 2963 potest
667 2882 748 2942 orecli
767 2885 889 2942 loturum
900 2881 1121 2952 esseiutlicinm,

140 2991 195 3051 per
212 2971 289 3049 quod
305 2972 351 3030 vel
370 2969 450 3030 malis
479 2987 589 3048 poenae
615 2971 660 3027 vel
688 2969 771 3026 bonis
798 2969 924 3046 praemia
949 2967 1121 3026 tribuantur.

140 3057 272 3132 Denique
291 3057 421 3134 quoniam
438 3067 469 3114 te
487 3051 622 3113 imbutum
644 3051 730 3111 video
757 3054 786 3110 in
814 3049 1010 3111 huiuscemodi
1037 3050 1125 3109 disci·

139 3141 236 3222 pliuis‚
257 3158 348 3219 pauca
366 3139 417 3198 tibi
436 3157 474 3199 ex
491 3141 554 3218 ipsa
571 3149 634 3196 arte
652 3139 809 3216 proteram.
857 3135 905 3207 Si,
925 3136 1016 3214 iuquit
1033 3134 1125 3212 Aqui-

100 3227 104 3244 '
140 3229 180 3298 la,
201 3245 238 3286 ex
256 3226 318 3306 ipsa
337 3223 488 3304 disciplina
505 3223 655 3284 adstruere
674 3221 781 3301 aliquid
809 3222 900 3300 rupis,
930 3221 1022 3280 lrater
1044 3238 1123 3281 meus

140 3311 274 3372 Clemens
292 3310 343 3369 titt
363 3310 528 3388 diligentins
547 3307 748 3388 respondebit,
770 3309 817 3386 qui
835 3306 948 3385 plenius
973 3306 1123 3364 seientiam

141 3397 277 3456 mathesis
295 3397 405 3474 attigit,
427 3413 484 3474 ego
504 3397 578 3454 euim
597 3395 662 3452 aliis
680 3395 734 3453 uiis
752 3392 1028 3471 adsererepossum,
1048 3388 1124 3470 quod
1148 3469 1152 3477 ι

140 3493 221 3542 actus
239 3483 330 3554 nestri
349 3483 377 3539 in
395 3492 495 3540 nostra
512 3482 569 3538 sint
586 3481 672 3559 positi
691 3489 847 3558 potestate,
866 3478 921 3536 ista
938 3489 1033 3536 autem
1052 3495 1124 3555 quoe

140 3587 197 3626 non
216 3567 315 3638 didici,
335 3585 520 3647 praesumere
539 3586 595 3624 uon
615 3563 721 3636 debeo.

182 3651 240 3712 58.
288 3653 358 3711 llum
376 3653 449 3712 haee
465 3651 572 3730 Aquila
590 3649 722 3722 dixisset,
743 3667 800 3727 ego
818 3649 963 3719 Clemens,
983 3647 1122 3717 erastino,

139 3739 265 3817 inquam,
285 3735 366 3796 «lires
386 3749 479 3816 pater,
499 3747 531 3795 ut
547 3736 639 3806 voles,
660 3746 691 3794 et
699 3735 845 3794 audiemus
862 3734 997 3804 libenter,
1018 3752 1080 3790 nam
1095 3742 1125 3790 et

139 3835 170 3882 te
189 3834 258 3902 puto
278 3834 362 3900 grute
381 3823 551 3893 habiturum,
568 3819 647 3900 quod
666 3841 729 3879 enm
747 3820 792 3878 luis
808 3819 859 3877 titi
880 3819 936 3877 erit
949 3837 1056 3889 sermo,
1076 3819 1124 3896 qai
1185 3862 1188 3869 ,

141 3917 279 3989 expertes
297 3927 355 3967 non
373 3919 439 3968 snut
456 3910 518 3968 eius
536 3925 618 3985 quam
645 3905 801 3986 protuleris
827 3903 1007 3982 disciplinae.
1055 3902 1124 3965 Cum
