2634 4400
587 277 651 338 llll

128 491 200 550 stus,
221 489 252 538 nt
269 477 372 538 reddat
389 479 541 557 unicnique
558 498 611 558 pro
631 481 722 558 gestis
739 481 809 550 suis,
828 478 931 538 bonnm
951 482 1112 540 invenietur

129 566 275 624 iniustum.
322 562 458 624 luiustum
478 582 598 642 namque
617 574 673 635 est,
693 565 718 622 si
735 565 776 622 ita
793 562 868 642 apud
886 583 950 623 eum
973 565 1111 624 bnbcatur

129 651 244 727 impius,
265 649 340 707 sicut
359 659 388 707 et
406 648 480 725 pins.
1105 652 1108 659 ’

173 731 227 791 15.
275 731 366 809 Igitur
384 731 550 803 daemones,
570 733 645 791 sicut
672 732 766 811 paullo
792 744 859 792 aute
886 732 1018 805 diximus,
1048 754 1111 794 cnm
1185 756 1187 765 ·

130 817 330 876 occasionibus
348 817 476 896 acceptis
494 818 630 894 ingerere
649 836 682 876 se
705 828 860 897 potueruut
886 837 940 896 per
965 819 1054 877 malos
1082 830 1112 878 et

128 913 228 980 turpes
247 911 327 960 actus
346 901 517 979 corporibus
535 899 695 973 hominum,
724 903 747 960 si
773 903 861 961 multo
888 913 1018 981 tempore
1044 923 1111 981 per·
1158 950 1163 969 ,

129 986 290 1044 manentia
310 986 352 1044 eis
370 1004 423 1064 per
441 987 646 1062 negligentiam
665 987 804 1065 ipsorum,
824 988 889 1065 quia
911 989 1023 1046 animae
1041 1007 1111 1046 suac

129 1068 207 1148 quod
225 1080 270 1128 est
287 1070 356 1130 utile
375 1090 432 1128 nou
450 1071 609 1149 requirunt,
630 1073 797 1131 necessario
817 1082 925 1148 coguut
951 1091 1003 1131 eos
1030 1072 1111 1130 habi·
1131 1125 1136 1130 .

127 1157 247 1213 tantium
266 1155 295 1212 in
313 1173 345 1212 se
364 1153 532 1213 daemonum
551 1153 587 1216 de
605 1157 717 1234 reliquo
727 1157 826 1215 lacere
835 1156 1007 1216 voluntates.
1029 1155 1112 1229 Quod

129 1250 224 1298 eutem
244 1249 288 1298 est
307 1240 429 1297 omnium
448 1237 589 1311 deterius,
610 1241 638 1298 in
659 1242 902 1299 consummatione
920 1241 1026 1312 seculi,
1047 1262 1111 1300 cnm

86 1341 87 1348 ¹
129 1322 252 1383 daemon
272 1324 319 1382 illc
339 1324 399 1400 igni
418 1323 548 1383 tradetur
565 1335 697 1395 aeterno,
718 1327 887 1384 necessario
897 1336 928 1384 et
936 1327 1028 1386 anima
1038 1326 1110 1404 qnae

130 1409 159 1467 ei
176 1409 281 1486 paruit,
294 1426 365 1466 cum
384 1409 447 1486 ipso
466 1409 593 1468 aeternis
611 1409 725 1486 ignibus
752 1408 937 1480 cruciabitur,
966 1429 1020 1468 nna
1047 1430 1110 1468 cnm

129 1511 254 1570 corpore
273 1513 324 1552 suo
344 1491 418 1571 quod
437 1493 548 1571 polluit.

174 1575 229 1636 tlt.
276 1575 439 1636 Daemones
465 1588 559 1636 autem
587 1577 694 1637 babere
722 1576 896 1638 desiderium
923 1575 1111 1654 immergendi
1208 1578 1231 1597 ”
1298 1576 1302 1589 ’

128 1681 160 1721 se
179 1661 350 1740 corporibus
368 1661 509 1720 bominum
528 1662 599 1721 baec
619 1682 720 1722 caussa
739 1673 794 1721 est.
842 1662 965 1741 Spiritus
982 1673 1047 1720 suut
1062 1662 1111 1720 lm·

80 1785 81 1792 ι
127 1746 232 1806 bentes
251 1748 428 1824 propositum
447 1765 615 1806 conversum
633 1746 669 1805 ad
688 1748 838 1819 malitiam3
867 1767 920 1826 per
938 1747 1019 1806 cibos
1038 1767 1110 1823 ergo

129 1842 159 1890 et
176 1829 481 1909 potnsimmoderatos
500 1851 534 1890 nc
562 1831 708 1893 libidinem
735 1842 893 1910 perurgent
918 1831 1048 1889 homines
1074 1829 1112 1890 ad

128 1923 297 1994 peccatum
317 1934 370 1974 eos
388 1925 481 1974 tamen
501 1916 548 1993 qni
566 1915 708 1994 peccandi
726 1918 903 1994 propositum
927 1927 1042 1994 gerunt,
1063 1917 1110 1994 qui

128 1999 195 2058 dum
213 1997 347 2058 videntur
365 2000 530 2060 necessaria
549 2002 754 2060 naturacvollc
765 2002 922 2080 complere,
942 2012 1111 2060 contenen-

130 2095 175 2143 tes
196 2082 307 2142 modum
328 2103 381 2162 per
399 2085 585 2156 nimietatem,
606 2084 788 2162 ingrediendi
806 2087 834 2143 iu
853 2087 1024 2163 semctipsos
1043 2085 1111 2144 dae·

127 2168 259 2229 monibus
286 2169 396 2227 faciunt
423 2169 526 2229 locum.
583 2168 684 2229 Donec
711 2181 805 2230 autern
833 2181 950 2229 naturae
978 2189 1111 2229 mensura

128 2242 262 2314 servatur
280 2264 309 2313 et
327 2252 426 2313 modus
446 2254 590 2331 legitimus
618 2254 787 2325 custoditur,
817 2252 865 2311 dci
888 2256 1040 2312 clementia
1068 2256 1111 2311 in-

128 2336 283 2416 gredientli
301 2340 329 2397 io
348 2336 477 2397 homiues
494 2356 551 2395 nou
571 2339 613 2397 cis
633 2337 732 2396 tribuit
750 2338 925 2396 facultatem.
974 2337 1026 2396 Ubi
1041 2357 1111 2395 vero
1178 2403 1184 2416 ,

127 2434 178 2482 aut
197 2441 276 2481 meus
294 2422 329 2481 ad
347 2424 521 2501 impietatem
543 2421 742 2493 declinaverit,
762 2432 811 2481 aut
825 2420 1112 2499 corpusimmodcra·

127 2510 165 2567 tis
184 2506 256 2565 cibis
275 2526 309 2565 ac
328 2506 442 2586 potibus
460 2506 672 2585 adimplebitur,
692 2517 822 2585 tanquam
840 2506 986 2565 voluntate
1006 2516 1036 2564 et
1044 2525 1112 2583 pro·

127 2593 227 2671 posito
254 2610 351 2651 eorum
375 2593 422 2670 qui
449 2611 480 2651 se
508 2592 548 2650 ita
575 2592 726 2669 negligunt
752 2592 874 2662 invitati,
904 2592 982 2669 quasi
1009 2589 1113 2649 adver-

126 2697 190 2736 sum
210 2695 261 2735 cos
279 2678 326 2755 qui
345 2697 361 2737 a
380 2676 435 2735 deo
454 2677 576 2755 positam
596 2676 691 2755 legem
718 2676 869 2749 solverint,
897 2676 1043 2755 accipiunt
1069 2676 1111 2733 ia·

126 2762 277 2821 cultatem.

175 2845 229 2904 ll.
276 2846 387 2907 Videtis
406 2867 477 2925 ergo
498 2859 629 2927 quantum
648 2848 743 2909 valeat
760 2849 869 2926 agnitio
888 2846 936 2907 dei
955 2858 985 2906 ct
998 2846 1111 2905 divinae

125 2930 280 3009 religionis
301 2932 493 3003 observantia,
515 2953 588 3010 quae
607 2954 663 2992 non
683 2934 772 2993 solum
801 2932 931 2991 defendit
957 2930 1112 2992 credentes

125 3015 165 3074 ab
185 3015 395 3072 incursionibus
414 3014 569 3087 daemonii,
589 3036 687 3075 verum
706 3028 736 3075 et
754 3018 897 3091 imperare
916 3034 968 3073 eos
981 3015 1052 3072 iacit
1069 3015 1112 3072 bis

125 3100 178 3179 qui
199 3098 324 3155 caeteris
342 3096 533 3156 dominantur.
580 3098 617 3156 Et
643 3098 711 3157 ideo
738 3099 932 3156 necessarium
953 3098 1036 3155 robis
1054 3106 1110 3167 est,

126 3183 178 3262 qui
197 3180 267 3239 estis
287 3180 486 3258 exgentibus,
508 3183 668 3258 confugere
686 3181 722 3240 ad
741 3181 824 3239 deum
843 3192 873 3240 et
892 3180 1047 3239 observare
1060 3200 1112 3237 vos
1175 3211 1180 3221 =

126 3267 166 3327 ab
186 3263 466 3336 omni'immunditia‚
487 3277 518 3325 ut
535 3267 660 3344 expulsis
688 3264 873 3324 daemonibus
900 3264 946 3323 dei
973 3263 1111 3323 habitatio

128 3353 181 3415 liat
199 3351 227 3408 in
245 3350 338 3411 vobis.
386 3349 474 3408 Simul
494 3361 524 3409 et
542 3351 719 3410 orationibus
738 3348 936 3409 commendate
963 3369 1014 3408 vos
1042 3348 1109 3421 deo,

129 3446 162 3495 et
179 3435 363 3514 interpellate
383 3454 444 3494 eunt
464 3432 612 3493 adversum
627 3434 828 3514 impudentiam
841 3432 1025 3506 daemonum,⁴
1046 3454 1111 3493 cre·

129 3519 233 3578 dentes
252 3522 326 3579 enim
346 3539 531 3599 quaecunque
550 3522 704 3597 petieritis,
725 3520 886 3598 accipietis.
935 3518 994 3577 Sed
1013 3530 1041 3577 et
1057 3520 1111 3596 ipsi

131 3603 287 3663 daemones
307 3615 410 3683 quanto
430 3603 554 3662 uiderint
573 3603 656 3664 iidem
677 3623 813 3663 crescere
832 3605 860 3663 in
879 3604 1005 3673 homine,
1029 3613 1110 3661 tanto

130 3687 166 3747 ab
186 3707 221 3746 eo
240 3690 386 3767 refugiunt
404 3690 432 3747 in
452 3708 486 3747 ea
504 3690 593 3753 solum
612 3700 694 3766 parte
713 3682 886 3759 residentes,
908 3690 934 3745 in
955 3687 1110 3764 qnaatlbuc

131 3771 237 3850 aliquid
257 3770 432 3833 iulidelitatis
451 3773 609 3845 resederim
630 3774 665 3831 ab
685 3774 728 3831 bis
745 3794 815 3833 vero
827 3774 874 3852 qui
885 3774 968 3851 plena
979 3770 1034 3831 lide
1046 3792 1110 3830 cue-

132 3856 211 3929 duut,
232 3858 338 3936 absque
357 3858 413 3955 plla
431 3860 623 3919 remoratione
644 3856 804 3917 discedunt.
833 3859 935 3917 Anima
954 3857 1027 3917 euim
1048 3877 1110 3919 cunt
