2634 4400
584 260 651 349 naa

513 358 726 369 ——-—

127 496 179 535 nes
197 471 310 553 quidem
329 474 357 529 in
376 491 411 531 eo
431 472 507 550 grati
525 473 591 542 sint,
613 468 689 548 quod
707 472 736 529 in
754 472 817 549 ipso
831 468 1109 549 impetudesiderio·

127 582 188 621 rum
216 560 347 619 cervices
373 577 439 617 suas
465 562 534 635 iugo
561 556 714 618 subiiciunt
741 555 921 635 disciplinae.
970 555 1062 617 Senes
1080 567 1133 624 et,

127 646 183 725 ipsi
202 642 373 715 laudabiles,
395 644 460 722 quia
478 644 557 702 multi
568 644 713 720 temporis
732 640 979 714 consuetudinem,
1008 644 1037 700 in
1056 663 1111 722 qua

129 732 201 790 maie
219 730 369 808 praeventi
388 740 463 800 sunt,
483 749 536 807 pro
557 727 603 786 dei
622 729 725 786 timore
744 738 928 793 commutant.

171 814 227 875 dss.
274 814 367 873 Nemo
395 833 467 892 ergo
495 813 620 885 differat,
641 833 725 871 neruo
745 812 922 887 cunctetur3'
943 832 1015 892 qnae
1036 815 1110 872 euim

130 921 230 961 caussa
249 898 401 959 cunctandi
420 911 465 959 est
482 898 610 958 udbcnc
629 898 789 976 agendum?
807 910 855 958 aut
873 900 971 971 times,
992 919 1028 958 ue
1048 918 1111 957 cum

129 986 341 1058 benefeceris,
363 986 402 1043 ibi
420 986 680 1045 remunerationem
699 1006 756 1044 non
774 984 902 1043 invenias
929 995 960 1042 ut
986 986 1111 1063 putasti?

129 1073 168 1131 Et
195 1070 259 1150 quid
288 1072 395 1129 senties
423 1070 586 1129 detrimenti
609 1072 632 1127 si
662 1070 736 1129 bene
762 1071 870 1129 feceris
889 1071 995 1147 gratis,
1016 1090 1111 1129 noune

131 1158 216 1215 etiam
236 1157 297 1213 soia
316 1157 343 1213 in
362 1156 405 1214 bis
424 1154 572 1215 sufficeret
591 1157 788 1215 conscientie?
816 1153 898 1228 Quod
917 1156 940 1213 si
968 1156 1126 1215 inveneris

131 1253 161 1301 ut
178 1242 346 1320 praesumis,
367 1260 462 1298 nonne
480 1261 533 1319 pro
551 1243 646 1318 parvis
665 1261 777 1319 magna,
800 1251 830 1299 et
848 1260 899 1318 pro
911 1241 1113 1318 temporalibus

131 1338 249 1385 aeterna
268 1326 415 1403 recipies?
434 1344 531 1384 verum
551 1344 606 1402 ego
627 1326 699 1383 baec
718 1335 838 1403 propter
855 1324 1020 1384 incredulos
1040 1325 1110 1385 dixi.

131 1410 193 1469 Nos
212 1422 304 1469 autem
325 1430 396 1489 quae
416 1408 623 1487 praedicamus,
645 1412 683 1468 ita
703 1429 734 1468 sc
753 1410 874 1480 habent,
905 1411 971 1488 quia
989 1430 1043 1468 uec
1062 1411 1113 1469 aii-

130 1507 176 1555 ter
195 1515 259 1554 esse
277 1507 405 1573 possunt,
427 1515 499 1573 quae
517 1496 689 1574 prophetica
706 1515 779 1554 voce
797 1496 937 1574 promissa
951 1506 1025 1553 sunt.

173 1580 229 1640 47.
277 1580 308 1638 Si
336 1581 397 1659 quis
423 1600 493 1639 vero
523 1583 602 1659 cupit
629 1581 797 1639 examussim
825 1582 974 1639 veritatem
996 1592 1113 1641 nostrae

130 1665 355 1747 praedicationis
374 1685 548 1745 agnoscere,
569 1668 722 1725 conveniat
749 1664 784 1724 ad
803 1663 972 1725 audiendum
1000 1665 1115 1745 etquid

132 1754 168 1817 sit
186 1770 270 1811 verus
287 1752 429 1830 propbeta
448 1764 617 1829 cognoscat,
639 1763 669 1811 et
686 1763 753 1810 tuuc
773 1750 883 1809 demum
906 1753 995 1810 omnis
1022 1753 1050 1810 in
1077 1772 1114 1811 eo

133 1836 258 1896 cessabit
276 1837 459 1915 ambiguitas3
482 1840 506 1895 si
524 1848 619 1896 tamen
639 1857 696 1895 uon
714 1837 866 1895 obstinatis
884 1838 984 1895 animis
998 1838 1116 1896 resistat

132 1923 186 1993 bis,
209 1942 280 2001 quae
303 1942 372 1981 vera
401 1941 465 1987 esse
493 1923 680 2001 compererit.
728 1920 801 1981 Sunt
827 1922 906 2005 enim⁸
929 1920 1040 2001 quidam
1069 1923 1115 2002 qui

133 2008 258 2086 quolibet
277 2007 361 2066 modo
381 2006 416 2067 ad
435 2008 490 2066 boc
509 2019 617 2068 tantum
636 2009 805 2088 respiciunt,
825 2019 856 2066 ut
874 2009 990 2067 vincant
1009 2020 1038 2067 et
1056 2010 1116 2067 lau·

134 2092 197 2151 dem
215 2112 268 2171 pro
296 2093 351 2151 hoc
379 2095 470 2171 magis
498 2114 577 2173 quam
606 2095 726 2153 salutem
753 2105 902 2173 quaerant,
932 2094 1032 2171 quibus
1059 2114 1116 2151 nou

133 2180 247 2240 eveniat
264 2178 311 2238 vel
330 2178 386 2236 dici
405 2178 528 2257 aliquid,
544 2200 578 2238 ne
599 2189 628 2237 et
647 2199 741 2238 sermo
761 2177 865 2236 nobilis
893 2181 1016 2256 patiatur
1043 2180 1116 2236 iniu-

132 2267 223 2334 riam,
258 2275 287 2320 ct
313 2264 434 2320 iniuriae
463 2282 531 2320 suae
558 2282 637 2320 reum
666 2274 784 2321 aeterna
811 2273 902 2320 morte
931 2261 1113 2322 condemnet.

134 2346 207 2422 Quid
227 2347 301 2404 cuim
321 2358 365 2406 cst
383 2349 411 2404 in
431 2367 486 2425 quo
506 2345 653 2406 adversari
671 2347 882 2426 praedicationi
910 2342 1026 2406 nostrae
1055 2349 1116 2426 quis

134 2431 258 2492 debeat?
278 2442 326 2490 aut
345 2433 372 2489 in
392 2451 446 2510 quo
467 2443 567 2491 contra
577 2434 638 2491 veri
649 2431 819 2510 honestique
830 2431 913 2490 fidem
925 2452 1020 2490 sermo
1030 2452 1117 2510 prae-

135 2517 287 2576 dicationis
306 2521 422 2576 nostrae
443 2515 686 2596 deprehenditur?
706 2518 751 2594 qui
767 2515 1116 2577 dicithonorandumesse

136 2603 219 2662 deum
238 2613 268 2661 et
285 2615 395 2682 patrem
414 2604 537 2662 omnium
552 2601 743 2672 conditorem,
765 2603 882 2679 eiusque
893 2602 991 2677 filium,
1013 2605 1117 2682 quiso-

66 2755 69 2762 ,
134 2688 179 2748 lus
197 2708 259 2746 eum
279 2699 309 2746 et
327 2689 500 2749 voiuntatem
520 2689 582 2748 cius
600 2688 689 2758 norit,
712 2688 814 2765 cuique
843 2688 896 2745 soli
924 2687 1117 2748 desomuibus

136 2772 308 2834 credendum
329 2785 372 2832 est
391 2793 462 2853 quae
482 2775 646 2852 praecepit3
667 2773 745 2831 solus
764 2775 837 2831 enim
857 2773 967 2845 cstiex
985 2785 1015 2834 ct
1030 2775 1118 2851 legis·

135 2859 209 2918 lator
236 2871 266 2918 et
283 2859 369 2918 iudex
388 2860 488 2930 iustus,
519 2861 597 2918 euius
616 2857 664 2918 lex
687 2855 818 2916 decernit
835 2857 1032 2920 honorandum
1051 2879 1117 2919 esse
1193 2854 1196 2860 ⁴

136 2943 218 3004 deum
246 2943 387 3004 dominum
415 2945 536 3002 omniurn
564 2964 618 3022 per
643 2945 729 3002 vitam
757 2944 899 3014 sobriam,
917 2957 1035 3017 castam,
1060 2947 1118 3004 ius·

118 3040 207 3102 ¹tam,
236 3029 463 3101 misericordem,
494 3031 578 3088 ct'in
606 3031 668 3108 ipso
692 3028 754 3087 seio
782 3047 894 3086 omnem
922 3029 1117 3095 collocandam

137 3135 226 3195 spem.
330 3189 332 3192 ι
1052 3132 1058 3142 “

177 3199 232 3260 48.
281 3198 341 3259 Sed
368 3197 446 3258 dicet
472 3202 587 3280 aliquis,
615 3201 703 3272 etiam
721 3220 739 3258 a
755 3199 932 3278 pbilosophis
959 3201 1118 3261 huiusmodi

135 3296 292 3366 praecepta
311 3285 384 3344 dari.
431 3284 510 3344 Nihil
530 3297 574 3348 est
592 3287 700 3358 simile,
725 3305 788 3344 nam
807 3283 843 3343 de
871 3285 979 3344 iustitia
1005 3286 1117 3365 quidem

136 3371 171 3430 ab
191 3374 232 3430 eis
253 3381 282 3428 et
300 3371 459 3430 sobrietate
477 3371 645 3442 mandatur,
676 3369 727 3429 sed
754 3381 1000 3429 remuneratorem
1028 3371 1118 3431 Deum

136 3468 281 3534 gestorum
293 3456 430 3515 bonorum
449 3458 641 3536 maiorumque
661 3466 843 3525 nonaorunt,
865 3466 895 3514 et
912 3455 978 3514 ideo
997 3459 1120 3534 legeset
1179 3463 1183 3473 '

135 3554 294 3620 praecepta
321 3562 419 3600 corum
447 3553 646 3608 accusatorem
674 3539 868 3599 tantummodo
902 3541 1045 3620 publicum
1077 3543 1120 3599 vi·

135 3637 206 3696 tant,
228 3628 433 3686 conscientiam
452 3647 521 3686 vero
541 3627 697 3706 purificare
716 3647 773 3684 non
792 3638 920 3706 possunt.
960 3625 1033 3699 Quid
1044 3628 1119 3685 enim
1138 3621 1145 3635 ’

135 3712 236 3770 timeat
253 3713 282 3770 in
301 3713 415 3770 occulto
434 3731 579 3790 peccare,
610 3713 659 3791 qui¹
685 3713 862 3771 occultorum
889 3729 954 3769 csse
982 3710 1119 3770 arbitrum
1199 3774 1205 3780 ,

137 3807 167 3854 et
184 3793 306 3856 iudicem
325 3799 437 3858 nescit?
455 3794 572 3856 Addunt
590 3807 744 3877 praeterea
761 3795 922 3875 pbilosopbi
933 3797 962 3852 in
979 3815 1119 3874 praecep-

135 3881 172 3941 tis
190 3882 260 3955 suis,
282 3882 366 3940 etiam
386 3881 456 3944 deos
475 3883 521 3962 qui
540 3893 604 3940 sunt
632 3881 785 3941 daemones
812 3878 1014 3953 honorandos,
1044 3879 1142 3960 quod-

846 3967 906 4025 16·
