2634 4400
671 268 813 372 1114κ

214 476 317 552 ipsum,
338 485 368 532 ut
386 475 429 532 eis
448 476 664 551 permitteretur
680 473 727 531 rcl
745 471 899 552 aliquando
917 491 1014 534 rerum
1034 474 1148 547 dicere,
1170 489 1205 536 et

109 555 114 568 '
214 578 267 637 per
284 559 339 616 boc
367 568 473 616 tantum
500 577 629 617 errorem
657 557 822 616 mortalibus
847 558 1008 631 introduci,
1037 560 1137 619 audiat
1161 563 1204 620 ad

213 644 302 701 baec:
323 643 354 700 Si
373 644 415 702 eis
434 663 573 722 nunqnam
592 643 695 702 luisset
713 641 850 702 indultum
868 645 930 704 veri
948 644 1055 722 aliquid
1083 645 1199 718 dicere,

214 729 328 786 omnino
347 747 401 786 nec
419 726 622 807 praedicerent
639 725 762 805 aliquid3
791 745 847 785 uon
865 726 1070 805 praedicentes
1088 741 1199 800 antem,

214 831 269 870 nee
288 810 362 890 quod
381 821 479 870 essent
496 810 651 870 daemones
670 822 929 887 cognoscerentur.
977 812 1060 885 Quod
1078 815 1102 871 si
1113 816 1201 890 iguo-

213 908 347 956 rarentnr
365 915 430 955 csse
448 895 603 954 daemones
621 897 650 955 iu
669 894 856 966 boemundo,
876 898 1080 973 agonisnostri
1091 909 1202 957 etcer-

214 982 328 1039 taminis
350 1001 402 1038 nos
421 999 522 1038 caussa
541 980 682 1050 latuisset,
703 991 735 1038 ct
751 989 917 1057 pateremur
933 983 1025 1058 palam
1044 1001 1118 1059 quac
1145 1001 1202 1060 ge-

213 1076 314 1124 runtur
331 1066 359 1122 in
379 1065 510 1134 occult03
530 1065 634 1142 quippe
653 1065 678 1122 si
696 1062 803 1144 agendi
820 1075 928 1122 tautum
955 1063 1106 1124 adversum
1131 1087 1198 1138 nos,

215 1158 246 1208 et
272 1149 340 1206 nibil
368 1146 500 1225 loquendi
529 1149 649 1206 facultas
677 1151 720 1207 eis
747 1167 888 1207 concessa
905 1147 1065 1209 rideretur.
1112 1150 1200 1209 Nunc

214 1243 308 1292 autem
326 1233 374 1290 ubi
393 1231 544 1310 aliquando
564 1252 643 1304 vera,
664 1232 816 1310 aliqnando
834 1233 907 1291 lalsa
933 1232 1078 1305 dicuntur,
1108 1234 1200 1294 debc-

213 1337 274 1376 mus
292 1336 453 1394 agnoscere
472 1328 503 1375 nt
521 1318 650 1395 superius
668 1316 739 1389 dixi,
759 1316 928 1376 daemonnm
947 1328 979 1376 ct
995 1339 1053 1376 non
1072 1318 1120 1378 dei
1132 1339 1200 1379 esse

214 1420 362 1480 respousa,
384 1399 458 1480 apud
478 1421 560 1480 quem
579 1401 757 1460 mendacium
776 1422 916 1480 uunquam
939 1413 995 1462 est.

257 1486 313 1545 25.
361 1485 442 1559 Quod
468 1489 493 1545 si
521 1488 662 1546 curiosius
689 1488 752 1565 quis
775 1486 968 1564 progrediens
994 1487 1088 1573 dicat:
1124 1488 1199 1561 Quid

215 1573 289 1630 euim
308 1591 378 1649 opus
396 1583 460 1630 erat
478 1570 636 1630 huiusmodi
655 1572 728 1629 mala
745 1590 763 1628 a
780 1570 836 1629 deo
856 1572 930 1642 lieri,
951 1573 1054 1650 quibus
1074 1572 1112 1631 ad
1130 1574 1200 1632 sub·

130 1699 134 1706 ,
213 1653 366 1714 vertendas
384 1667 495 1714 mentes
513 1656 648 1713 humanas
667 1666 746 1713 tauta
764 1667 843 1714 esset
860 1657 1001 1714 intentio?
1028 1657 1109 1716 llaec
1129 1679 1200 1736 pro·
1294 1691 1298 1697 ,

212 1741 330 1817 ponenti
348 1738 601 1817 respondebimus:
623 1738 823 1817 requirendum
847 1759 911 1798 esse
938 1741 1031 1818 primo
1060 1743 1197 1814 omnium,

213 1826 237 1882 si
256 1835 301 1882 est
318 1822 424 1902 aliquid
443 1825 470 1881 in
489 1824 647 1882 substantia
673 1825 787 1885 malum.
833 1824 872 1881 Et
892 1826 1031 1913 quamvis!
1046 1828 1201 1886 sufficeret

213 1906 312 1965 dicere
331 1907 368 1964 ad
386 1928 461 1978 enm,
482 1910 547 1985 quia
566 1929 622 1966 non
641 1919 687 1967 est
712 1910 888 1967 couveniens
916 1920 947 1967 ut
969 1921 1105 1968 creatura
1123 1911 1200 1969 iudi-

215 2002 263 2050 cct
281 2002 453 2062 creatorem,
474 1991 526 2050 sed
544 1993 618 2050 illius
637 2003 683 2050 est
699 1992 828 2052 iudicare
847 2013 918 2071 opus
932 1994 1069 2064 alienum,
1090 1997 1138 2072 qui
1149 2007 1201 2054 aut

213 2075 312 2134 similis
330 2075 445 2133 artificii
455 2086 504 2132 ant
512 2076 610 2133 similis
620 2080 768 2153 potentiae
779 2088 838 2149 est3
858 2088 1001 2136 tamenne
1016 2080 1200 2138 circuitioni-

213 2160 265 2219 bus
283 2171 404 2233 utamur‚
434 2159 563 2219 absolute
582 2159 702 2220 dicimus
720 2163 748 2221 in
766 2161 924 2221 substantia
943 2163 1013 2221 nibil
1030 2182 1098 2223 esse
1116 2167 1197 2224 mali.

214 2243 296 2319 Quod
315 2248 339 2304 si
358 2248 397 2305 ita
415 2257 471 2318 est,
492 2245 712 2305 substantiarum
729 2247 865 2305 conditor
882 2248 990 2305 frustra
1008 2249 1152 2327 culpatur.

256 2330 313 2390 24.
361 2329 420 2391 Sed
439 2350 576 2391 occurres
598 2332 666 2389 mibi
693 2342 723 2391 et
749 2330 845 2390 dices:
873 2331 993 2389 Etiamsi
1020 2352 1059 2390 er
1084 2333 1201 2393 arbitrii

212 2416 347 2475 libertate
374 2418 402 2473 in
430 2416 485 2474 boc
512 2428 625 2475 ventum
653 2427 710 2487 est,
738 2413 872 2493 numquid
899 2417 1053 2492 ignorabat
1080 2418 1130 2475 ille
1150 2421 1200 2496 qui

214 2501 334 2559 creabat
352 2519 414 2571 eos,
435 2500 511 2578 quod
529 2502 558 2559 in
577 2500 678 2559 malum
697 2499 868 2560 declinaturi
896 2511 995 2559 essent
1022 2521 1093 2578 quos
1113 2520 1200 2560 crea·

212 2584 281 2643 bat'l
300 2584 432 2662 Oportuit
451 2603 524 2661 crgo
542 2604 596 2643 nec
615 2586 711 2643 creari
730 2604 793 2652 cos,
821 2604 894 2661 quos
911 2583 1077 2643 deviaturus
1094 2586 1130 2644 ab
1150 2588 1200 2644 iti-

213 2686 284 2726 nere
302 2669 428 2727 iustitiae
446 2667 643 2747 praevidebat.
688 2667 816 2727 Audiant
842 2666 880 2725 ad
906 2668 979 2727 baec
1003 2672 1050 2746 qni
1069 2671 1110 2727 ita
1128 2691 1200 2748 pro-

213 2763 331 2829 ponunt,
352 2750 426 2829 quod
445 2748 640 2811 huiuscemodi
659 2751 870 2811 adsertionibus
892 2752 961 2810 illud
979 2754 1080 2811 volunt
1097 2766 1200 2813 osten·

214 2834 296 2909 dere,
316 2855 367 2893 eur
385 2856 441 2893 non
460 2837 565 2894 malitia
584 2855 683 2894 eorum
702 2838 749 2913 qui
768 2835 890 2894 nondum
910 2848 1008 2907 erant,
1037 2837 1199 2898 bonitatem

213 2920 317 2978 vicerit
335 2921 486 2978 creatoris.
526 2919 558 2979 Si
577 2921 651 2978 enim
670 2920 771 2979 voleus
783 2921 908 2998 implere
918 2940 1064 2979 numerum
1075 2933 1106 2980 et
1116 2943 1199 2981 men-

213 3025 305 3063 suram
325 3006 480 3063 creationis
498 3024 579 3076 suae,
600 3005 779 3064 extimuisset
796 3023 905 3063 eorum·
922 3007 969 3083 qui
996 3006 1085 3063 luturi
1113 3018 1199 3081 erant

213 3090 361 3161 malitiam,
382 3101 413 3149 et
430 3092 508 3169 quasi
528 3091 575 3167 qni
594 3091 677 3149 aliam
696 3090 800 3147 nullam
827 3090 957 3148 invenire
980 3090 1054 3147 viam
1072 3092 1197 3150 remedii

213 3196 246 3235 ac
266 3174 426 3233 medicinae
445 3176 597 3253 potuisset,
619 3176 674 3233 nisi
692 3174 747 3232 boc
766 3174 856 3249 solnm
879 3184 910 3231 ut
936 3174 1102 3234 retraberet
1127 3195 1162 3235 se
1180 3195 1198 3233 a

213 3261 363 3337 proposito
383 3259 512 3328 creandi,
534 3278 570 3316 ne
588 3259 643 3317 sibi
662 3257 878 3318 adscriberetur
895 3258 1002 3316 malitia
1029 3277 1129 3317 eorum
1148 3262 1198 3338 qni

213 3343 300 3399 loturi
320 3354 422 3412 erant;
443 3342 510 3421 quid
528 3341 603 3399 aliud
624 3362 677 3419 per
695 3340 767 3400 baec
794 3341 966 3413 doceretur,
995 3343 1050 3400 nisi
1077 3342 1198 3419 indigua

213 3426 307 3503 passio
326 3436 356 3483 et
374 3425 513 3483 indecora
531 3426 673 3501 fragilitas
690 3424 860 3496 conditoris,
890 3426 938 3503 qni
956 3427 997 3483 ita
1014 3428 1198 3504 pertimuerit
1283 3478 1293 3499 ,

213 3529 310 3567 eorum
329 3519 410 3566 aetus
429 3511 476 3586 qui
495 3507 616 3567 noudum
636 3520 730 3580 eraut,
760 3521 825 3569 uta
851 3510 999 3587 proposita
1027 3508 1197 3569 conditione

213 3603 353 3653 cessaret.

254 3676 310 3736 25.
359 3676 417 3735 Sed
436 3677 482 3752 bis
498 3678 597 3755 procul
615 3679 718 3736 amotis
737 3678 805 3737 illud
830 3680 926 3735 auimo
953 3679 1194 3756 contemplemur,

214 3764 279 3840 quia
297 3762 367 3820 deus
385 3763 577 3820 universitatis
596 3763 730 3821 conditor
748 3759 920 3820 conditionis
939 3760 1197 3819 suaciuturusdii-

162 3862 164 3869 ’
213 3848 352 3903 ieremias
367 3846 553 3922 praevidens,
582 3848 735 3923 unicuique
763 3855 915 3903 creaturae
942 3844 1098 3903 secundnm
1126 3865 1197 3924 pro-
