2634 4400
670 287 717 348 48

586 377 798 393 Μ

205 493 302 554 studet
319 496 448 553 iuimicus
466 495 538 552 bene
558 493 740 552 allectionem
759 493 787 551 iu
817 489 976 548 bominibus
1002 499 1184 570 pervertere,

205 591 235 639 ot
253 581 384 637 iuimicus
403 598 454 636 eos
472 579 592 637 eflieere
611 587 696 654 atque
714 579 844 653 ingratos
862 574 1007 634 conditori
1024 596 1088 635 suo.
1129 577 1187 636 'l'e-

205 675 267 724 stor
286 674 380 722 antem
394 665 511 737 eoelum
539 682 573 720 ae
601 671 723 732 terrum,
744 659 862 739 quodsi
882 671 1015 739 quantum
1034 663 1115 740 eupit
1131 663 1185 721 ini-

205 751 294 807 micus
313 747 474 819 desaevire,
496 749 713 826 permitteretur
738 747 823 804 etiam
850 763 867 802 a
894 744 963 817 deo,
993 745 1059 804 olim
1086 765 1185 805 omnes

204 833 334 891 homiues
362 832 559 910 deperissent3
597 829 650 890 sed
675 829 895 890 misericordiae
922 849 1008 888 eausa
1034 850 1092 890 uon
1118 833 1187 890 sinit

205 918 286 977 deus.
303 920 330 988 ¹)
377 916 459 990 Quod
478 918 502 974 si
520 916 652 974 allectum
672 932 751 974 suum
770 914 900 973 ltomines
926 926 1132 974 converterent
1149 913 1186 976 ad

182 1002 307 1072 ·Deom,
328 1021 427 1059 omnes
446 1001 508 1058 siue
527 999 611 1060 dubio
630 1000 819 1071 salvarentur,
839 1002 926 1058 etiam
943 1002 1029 1078 sipro
1045 1000 1186 1079 aliquibus

204 1085 318 1146 delictis
337 1085 373 1143 ob
393 1085 526 1143 iustitiam
546 1085 654 1161 corripi
672 1083 849 1158 viderentur.
897 1083 957 1144 Sed
975 1103 1049 1145 nune
1072 1085 1185 1163 plurimi

204 1172 347 1230 bominum
366 1171 472 1228 inimici
492 1169 589 1228 elleeti
607 1180 673 1228 sunt
690 1166 754 1239 dei,
789 1187 908 1247 qnorum
934 1165 1074 1246 malignus
1095 1168 1185 1228 eorda

204 1255 377 1334 penetravit,
399 1265 429 1314 et
446 1254 578 1314 allectum
598 1272 681 1333 quem
700 1254 743 1312 eis
761 1251 896 1312 eonditor
913 1251 985 1312 deus
1010 1256 1183 1326 inseruerat,

204 1351 235 1400 ut
253 1359 324 1417 erga
341 1359 373 1398 se
392 1337 542 1411 baberent,
563 1341 591 1397 iu
610 1337 933 1416 semetipsumdellexit.
956 1336 1087 1397 Aliorum
1100 1359 1183 1409 vero,

144 1462 147 1467 -
204 1426 252 1504 qui
270 1424 471 1502 aliquantulum
489 1425 611 1502 vigilare
628 1421 811 1495 videbuntur,
840 1424 869 1482 iu
896 1423 1046 1502 phantasia
1071 1425 1184 1502 gloriae

204 1522 234 1570 et
252 1509 413 1589 splendoris
432 1529 591 1588 apparens,
621 1519 652 1567 et
669 1527 772 1586 magna
790 1505 926 1587 quaedam
952 1519 1039 1587 atque
1056 1509 1186 1588 ingentia

204 1596 419 1674 repromittens,
440 1595 559 1671 evagari
576 1593 759 1651 nibilominus
775 1613 793 1651 a
811 1590 867 1650 deo
884 1603 1185 1673 veromentenrntque

120 1672 138 1706 .‚
203 1682 325 1739 animum
344 1680 430 1750 lecit3
451 1697 524 1756 quae
543 1688 637 1740 tamen
655 1687 827 1756 perpetrare
845 1679 874 1738 ei
892 1679 965 1738 iusta
983 1675 1186 1759 quamve„
1266 1745 1268 1749 ἲ
1311 1684 1312 1699 t

203 1765 323 1824 mittitur
341 1765 465 1822 ratione.

248 1845 303 1906 tu.
348 1844 396 1905 Ad
413 1847 485 1905 haee
503 1844 607 1926 Aquila
625 1845 792 1926 respondite
817 1842 892 1921 Quid
918 1863 991 1926 ergo
1019 1839 1187 1928 delinquunt

203 1933 345 2003 homiues,
365 1933 388 1990 si
407 1931 545 2008 malignus
563 1933 770 1992 transformans
792 1951 824 1991 se
850 1936 879 1990 in
906 1932 1089 2011 splendorem
1112 1934 1185 1993 lueis

204 2019 312 2074 maiora
329 2017 505 2094 repromittit
523 2015 695 2087 bominibus,
715 2035 797 2094 qnam
815 2019 878 2095 ipse
897 2016 1131 2078 eonditordeusi
1147 2017 1186 2076 m

205 2100 323 2160 Petrusr
344 2099 429 2172 Puto,
449 2102 550 2178 inquit,
571 2098 626 2159 boe
645 2102 776 2161 iniustius
794 2101 863 2160 nihil
881 2119 963 2174 esse,
975 2153 978 2164 ,
992 2114 1023 2162 et
1044 2114 1185 2180 quatenus

204 2185 338 2245 iniustum
360 2187 398 2245 sit
424 2184 501 2245 audi.
550 2184 581 2245 si
600 2185 674 2245 lilius
692 2198 767 2257 tuus,
788 2187 835 2265 qui
853 2208 871 2245 a
888 2198 918 2247 te
936 2189 1012 2247 omni
1034 2186 1186 2266 diligentia

204 2270 332 2337 eruditus
350 2282 396 2330 est
414 2282 443 2331 et
461 2273 594 2343 nutritus,
614 2270 748 2351 atquead
759 2271 1183 2350 virilemperduetusaetatem,

203 2359 333 2435 ingratus
351 2357 403 2415 tibi
421 2358 470 2429 sit,
491 2367 521 2415 et
538 2357 746 2442 relinquens
721 2367 751 2416 te
769 2355 806 2415 ad
822 2358 919 2429 alium,
940 2376 1024 2436 quem
1044 2359 1127 2417 forte
1140 2356 1185 2417 dr·

203 2444 306 2501 tiorum
324 2440 440 2513 viderit,
462 2453 511 2501 eat
527 2453 559 2501 et
576 2441 715 2501 bonorem
733 2430 816 2520 t'puem
844 2440 896 2500 tibi
922 2440 1048 2501 debebat
1074 2442 1114 2501 illi
1131 2462 1184 2502 ex·-

195 2525 310 2596 bibeat,
331 2545 365 2584 ae
384 2544 435 2603 spe
453 2527 569 2583 maioris
587 2525 660 2584 lueri
679 2536 806 2583 naturam
825 2537 915 2603 neget
931 2537 963 2585 et
984 2528 1046 2585 iura
1062 2536 1184 2607 paterna
1221 2540 1227 2543 “
1254 2602 1266 2609 .

204 2608 344 2687 defugiat,
366 2620 475 2668 reatum
494 2609 546 2667 tibi
560 2608 685 2679 videtur,
704 2629 741 2673 an
751 2610 886 2688 umprnm'l
903 2608 1184 2691 scapularem-1·-

145 2700 152 2713 '
193 2693 261 2752 dit:
287 2692 422 2752 Omnibus
439 2692 529 2771 palam
548 2704 604 2763 est,
625 2692 835 2771 qnodimpium
852 2696 900 2753 sit·
946 2694 984 2754 lit
1002 2696 1120 2755 Petrus:
1149 2695 1184 2760 Si

202 2798 275 2855 ergo
295 2780 323 2836 in
343 2777 501 2835 bominibus
521 2777 602 2836 boe'
594 2780 709 2857 impium
729 2775 811 2849 dieiS,
833 2789 938 2858 quanto
956 2782 1047 2857 magis
1065 2782 1094 2839 in
1097 2778 1181 2852 deo,

204 2864 251 2942 qui
270 2880 356 2940 supra
373 2878 472 2921 omues
491 2861 619 2921 homines
638 2863 748 2923 bonore
767 2863 803 2922 ab
821 2864 981 2942 bominibus
999 2864 1102 2943 diguus
1120 2870 1183 2927 est?

203 2948 284 3005 euius
302 2966 358 3004 uon
377 2934 467 3005 solum
486 2945 634 3005 benefieiis
652 2948 783 3020 fruimur,
811 2969 908 3009 verum
935 2960 966 3009 et
989 2969 1046 3030 ope
1072 2970 1107 3009 ne
1125 2952 1183 3010 vir⁵

202 3042 263 3091 tute
282 3050 347 3090 esse
366 3032 513 3109 eoepimus
532 3046 595 3091 eum
613 3044 670 3091 non
689 3054 826 3133 essemus,
856 3036 1000 3113 edique
977 3055 1001 3093 sr
1019 3035 1183 3114 placeamus

203 3116 376 3176 merebimur
392 3116 427 3174 nb
447 3136 495 3187 eo,
515 3127 546 3176 ut
564 3118 648 3176 etiam
667 3120 779 3178 aeterni
797 3121 825 3176 in
845 3118 967 3178 bouis
944 3140 1041 3178 sumus.
1063 3118 1099 3178 Ul
1109 3140 1182 3197 ergo

203 3200 333 3261 infideles
351 3221 368 3259 a
387 3200 517 3261 fidelibus
540 3213 570 3263 et
595 3204 636 3281 pii
655 3191 854 3263 discernantur
872 3203 934 3261 ab
925 3205 1033 3281 impiis,
1062 3206 1182 3283 permisfi

202 3306 261 3344 sum
280 3298 325 3343 est
342 3286 429 3362 malig
411 3306 466 3343 ono
485 3288 525 3345 uti
544 3286 716 3358 bisurtibus,
736 3277 837 3365 quibus
854 3288 1029 3364 singulorum
1048 3307 1119 3367 ergo
1131 3306 1182 3354 ve·

202 3388 263 3427 rum
281 3380 430 3447 parentem
447 3362 606 3449 probentur
627 3368 758 3430 allectus.
774 3371 803 3443 ²)
848 3370 930 3445 Quod
956 3374 981 3431 si
1007 3392 1077 3433 rere
1103 3386 1183 3433 esset

202 3453 303 3535 aliquis
321 3452 391 3515 deus
409 3455 529 3528 alienus,
551 3455 697 3515 tamenab
716 3474 764 3527 eo,
793 3456 841 3534 qui
863 3477 915 3517 nos
942 3467 1093 3518 eremernt
1119 3459 1182 3536 qui-

201 3620 413 3635 -ιιι-ή-α

240 3690 264 3750 ¹)
283 3680 370 3743 Quod
388 3690 655 3738 tui-viderentur
673 3692 699 3736 el
717 3704 783 3748 quoe
798 3693 954 3749 sequuntur:
973 3689 1113 3737 Aliorum
1130 3703 1181 3737 ve-

203 3771 236 3804 ro
254 3783 288 3789 —
306 3759 506 3816 perunittitur
524 3759 649 3807 ratione
669 3758 847 3805 desiderantur
864 3758 891 3805 iu
908 3762 1018 3817 utruque
1036 3758 1091 3805 eod.
1109 3758 1179 3817 Lips.

235 3824 266 3936 Sp
284 3826 371 3937 ἳιιοιι
394 3826 421 3871 sl
443 3851 475 3860 —
498 3827 681 3874 ranneribus
704 3829 914 3886 pertruuntur
935 3841 988 3879 nun
1009 3828 1131 3887 leguntur
1148 3825 1181 3877 ,iu

203 3904 233 3937 eo
268 3913 287 3937 r
313 3906 359 3950 rpus
