2634 4400
669 291 735 366 ¹⁰3

156 550 162 563 .
206 518 286 561 nens
304 500 411 559 initae
429 501 516 569 rotie,
537 518 610 579 quoe
637 510 737 577 typum
762 496 848 557 anulo
871 494 963 555 dedit.
1009 495 1053 555 ltu
1071 514 1144 573 ergo
1164 507 1199 555 et

205 605 291 645 orcus
309 585 478 665 exprimitur
496 585 525 641 iu
543 602 628 657 uere;
658 584 703 643 sol
729 583 804 642 enim
830 581 953 641 uultibus
979 582 1198 641 rarescentibus

205 668 303 731 radios
320 690 388 731 suos
406 671 581 748 imprimens,
603 680 633 728 et
650 668 763 728 humori
781 666 878 726 nubilo
897 667 976 725 velot
1002 686 1089 727 ceree
1115 667 1196 725 molli

206 755 336 835 diligens
355 755 434 815 orltis
453 755 497 813 soi
514 764 622 834 typum,
643 772 728 813 urens
754 754 882 833 speciem
908 750 1016 823 reddit,
1045 763 1076 811 et
1101 752 1198 811 eilieit

206 841 262 901 loc
282 844 353 920 ipse,
373 852 405 899 ut
423 838 494 911 dixi,
514 840 701 918 repercussio
719 836 880 916 splendoris
907 838 977 897 solis
1002 838 1032 895 in
1058 836 1195 908 nubibus,

205 938 291 1006 utque
310 944 347 985 ex
371 926 427 985 illis
455 925 598 1003 fulgorem
626 923 727 983 circuli
754 924 817 982 eins
843 921 981 983 reddens.
1028 922 1072 982 Fit
1098 932 1197 981 auten

206 1012 262 1071 hoc
281 1032 337 1069 non
357 1029 482 1089 semper,
503 1008 555 1069 sed
575 1030 636 1068 cunr
656 1010 899 1088 opportunitatem
918 1008 962 1067 sui
980 1008 1197 1068 humectoenu·

206 1096 258 1155 les
276 1094 454 1156 rarescendo
474 1094 684 1171 praestiterint.
731 1092 813 1153 llnde
831 1104 863 1153 et
879 1112 978 1151 rursus
996 1092 1197 1153 condensan-

207 1192 254 1241 tur
271 1180 361 1240 nubes
382 1188 547 1250 etenennt,
567 1198 652 1238 oreris
679 1179 773 1238 lorino
800 1179 955 1238 resolvitur
980 1189 1012 1237 et
1037 1178 1194 1249 exolescit,

207 1263 331 1344 leuique
350 1284 492 1344 nunquam
510 1265 572 1324 siue
591 1266 653 1324 sole
673 1274 704 1322 et
720 1264 841 1323 uultibus
859 1282 943 1347 urens
961 1274 1099 1343 apparet,
1119 1265 1197 1322 siout

207 1370 263 1411 nec
282 1351 343 1409 siue
362 1361 436 1430 typo
455 1362 486 1409 et
504 1368 573 1409 cera
590 1351 636 1409 vel
655 1350 712 1409 ulio
729 1348 888 1409 huiusmodi
910 1350 1031 1409 materie
1057 1348 1196 1428 exprimi·

206 1448 254 1497 tur
272 1438 378 1514 imago.
426 1435 492 1495 Non
512 1454 584 1513 ergo
603 1436 703 1495 mirum
722 1444 778 1505 est,
798 1435 823 1494 si
841 1433 980 1493 conditor.
993 1432 1066 1494 dens
1082 1454 1121 1493 ex
1138 1435 1197 1493 iui-

207 1523 248 1581 tio
267 1522 339 1581 lecit
356 1532 453 1600 typos,
475 1520 629 1599 exquibus
648 1540 722 1579 nnnc
742 1521 851 1579 lormee
869 1521 1065 1598 exprimantur
1081 1538 1196 1598 uespe-

208 1608 280 1667 eies.
328 1606 427 1667 Simile
446 1616 541 1665 eutem
559 1606 615 1665 hoe
634 1615 665 1665 et
682 1606 739 1677 illi,
760 1602 836 1683 quod
861 1604 898 1663 sb
924 1606 1007 1663 initio
1034 1604 1106 1665 deus
1131 1604 1196 1664 ele-

208 1702 303 1751 mento
320 1692 498 1755 insensibilia
517 1688 742 1769 ereuvit‚qoil›os
758 1689 796 1748 ed
812 1691 924 1768 relique
941 1688 1197 1749 omuiniormendo

208 1789 239 1845 et
256 1775 429 1854 explicando
445 1782 587 1836 uteretur:
634 1774 695 1835 Sed
713 1786 744 1835 et
761 1776 808 1853 qni
822 1776 1075 1844 stutueslormunt‚
1094 1786 1195 1853 typum

207 1863 285 1941 prins
295 1862 346 1920 luti
355 1863 401 1920 vel
421 1880 507 1921 ceree
527 1862 647 1938 lingunt,
669 1871 700 1920 et
717 1880 755 1919 ex
772 1862 837 1939 ipso
854 1858 986 1920 redditur
1003 1860 1195 1921 stetuoeelii·

209 1947 288 2023 gies3
309 1957 367 2005 tum
386 1942 491 2005 deiude
510 1956 540 2004 et
558 1946 657 2006 umbre
674 1945 806 2005 redditur
823 1955 982 2016 exemtus,
1002 1964 1076 2023 quoe
1093 1944 1196 2005 umbra

185 2076 188 2081 -
208 2050 263 2109 per
281 2032 510 2089 omuielormom
534 2050 569 2089 ue
596 2030 948 2090 similitudinemstetuue
975 2032 1062 2109 gerit.
1118 2028 1196 2103 Quid

209 2134 281 2194 ergo
301 2112 428 2175 dicemus
446 2114 641 2175 insensibilem
668 2126 790 2177 statuam
816 2116 942 2175 lormere
968 2115 1106 2186 umbram,
1135 2126 1194 2175 tum

209 2201 341 2281 diligenti
359 2222 441 2280 quom
459 2202 522 2281 ipsa
539 2212 632 2262 stotuu
650 2212 696 2261 est
712 2204 825 2261 ratione
843 2202 1015 2262 collectam?
1032 2202 1195 2261 uuillisine

209 2287 295 2348 dubio
314 2286 495 2362 adscribetur
512 2286 629 2346 umbrae
649 2287 797 2359 collectio,
818 2288 866 2366 qui
884 2298 915 2348 et
931 2297 1051 2348 statuere
1070 2287 1170 2346 linxit?
1248 2335 1257 2341 .

250 2371 307 2432 45.
355 2371 387 2432 si
405 2391 478 2451 ergo
496 2371 547 2431 tihi
565 2370 681 2432 videtur
697 2372 753 2432 hoe
772 2374 812 2431 ito
832 2392 867 2431 se
892 2372 1001 2433 hebere
1029 2383 1060 2432 ct
1084 2373 1195 2432 sufficit

209 2455 285 2537 quod
303 2457 339 2518 de
357 2457 413 2516 hoc
433 2457 538 2518 dietum
557 2469 612 2530 est,
633 2456 671 2516 ed
687 2459 744 2517 elie
761 2456 931 2536 inquirenda
952 2459 1114 2530 veniumns3
1142 2468 1194 2518 nut

208 2545 233 2602 si
250 2542 358 2623 aliquid
376 2540 469 2602 adhuc
488 2542 591 2602 deesse
608 2553 702 2622 putes,
730 2553 905 2622 repetamus.
950 2542 990 2602 lit
1015 2561 1107 2602 senex
1132 2544 1191 2601 sits

208 2629 273 2688 volo
293 2638 324 2686 ut
341 2638 458 2706 repetes
476 2626 513 2686 de
531 2627 597 2698 boc,
618 2639 684 2686 sunt
701 2629 777 2688 enim
795 2639 826 2686 et
843 2627 902 2688 elin
916 2628 1006 2686 multu
1024 2647 1099 2708 quae
1112 2628 1194 2686 simi·

208 2713 276 2772 liter
294 2713 358 2771 lieri
375 2710 477 2786 videos
498 2733 561 2772 uam
581 2723 611 2771 et
628 2714 739 2774 lructos
757 2713 892 2773 ariorum
910 2714 995 2772 simili
1016 2712 1102 2773 modo
1129 2712 1194 2791 pul·

210 2816 260 2856 ere
278 2796 394 2855 lormoti
413 2808 443 2856 et
460 2798 489 2855 in
508 2797 659 2876 rotondum
677 2799 756 2856 mire
768 2798 886 2858 collecti
904 2809 1074 2868 nascuntur,
1095 2809 1127 2857 et
1144 2799 1192 2856 io·

209 2882 311 2940 liorem
329 2882 443 2959 species
461 2882 572 2960 ingenti
582 2881 691 2942 decore
701 2883 851 2954 formetur,
872 2883 1113 2962 utqueexqoisite
1125 2893 1192 2942 arte

173 2982 177 2997 ⁴
208 2963 309 3024 viridis
326 2965 492 3027 membrana
509 2969 689 3041 contexitnr3
709 2969 1062 3047 tumproetereapuliees,
1081 2986 1190 3041 mures,

209 3052 335 3112 lacertas
354 3061 384 3110 et
402 3051 446 3110 his
464 3052 578 3126 similia,
598 3051 732 3131 numquid
750 3063 781 3111 et
797 3053 871 3112 ltuec
889 3050 1017 3113 dicemus
1032 3073 1054 3112 a
1071 3051 1193 3112 deolie·

208 3137 253 3196 rii
272 3135 353 3196 Uude
372 3155 409 3196 ex
422 3137 466 3197 his
475 3137 623 3197 vilioribus
633 3139 802 3197 coniectura
811 3138 923 3216 capitur
932 3138 1092 3208 meliorum,
1114 3136 1193 3216 qnod

208 3232 590 3365 ttttllffltsslttt
599 3221 936 3385 dedititiis
954 3221 1192 3386 {illicitis

210 3409 248 3449 ex
264 3391 309 3449 his
327 3389 398 3450 tides
417 3393 503 3451 etiem
525 3391 692 3450 melioribus
718 3389 888 3470 derogando
914 3393 970 3463 sit-3*
995 3390 1048 3452 sed
1075 3412 1133 3451 non
1159 3404 1190 3452 te

209 3475 265 3532 ists
284 3472 440 3552 decipient,
461 3487 492 3534 nt
510 3477 694 3554 putes.quesi
711 3473 820 3535 duobus
837 3477 907 3536 solis
925 3477 1192 3556 menibusoperun·

118 3560 123 3569 ‘
209 3569 267 3618 tem
285 3558 368 3618 deum
387 3579 443 3618 non
462 3579 549 3639 posse
567 3561 702 3620 universe
718 3561 864 3642 complere
883 3581 958 3640 quoe
966 3562 1048 3633 liunt,
1068 3561 1193 3622 sedune-

210 3654 306 3704 mento
325 3642 466 3721 quomodo
485 3645 622 3705 hesterno
641 3646 693 3703 titi
710 3644 1189 3726 irater-meusNieeturespondit‚

204 3737 240 3809 vet
257 3729 422 3807 mysterium
441 3740 510 3788 unte
535 3739 645 3807 tempus
671 3731 785 3808 eperoit
809 3749 880 3790 vere
907 3731 987 3810 quusi
1014 3751 1078 3791 eum
1105 3743 1192 3811 putre

209 3812 341 3890 loquens,
362 3824 392 3872 et
410 3832 462 3872 eur
479 3823 510 3872 et
527 3812 670 3890 quomodo
688 3814 758 3875 liunt
774 3814 849 3874 hece
868 3835 942 3895 quse
959 3816 1072 3876 inutilis
1089 3816 1192 3876 viden·

211 3904 268 3966 tur,
288 3896 431 3974 exposuit.
