2634 4400
588 297 654 362 lb!

514 389 726 404 m

127 500 258 578 seretur,
278 506 336 564 nisi'
352 523 416 563 eam
434 502 543 566 dnobus
560 503 627 562 liliis
645 505 704 564 suis
722 503 843 579 geminis
852 502 1003 562 confestim
1011 501 1110 566 arbem

127 595 230 652 luisset
249 609 369 669 egressa
387 600 417 648 ct
435 588 574 647 abluisset
592 589 673 646 annis
692 586 804 658 decern,
824 587 914 664 ipsam
922 587 1033 666 pariter
1043 607 1115 652 cata
1174 637 1178 645 .

127 679 228 738 liberis
252 677 369 736 interitu
388 674 528 736 exitiabili
546 673 713 752 perituram.

169 796 204 856 9.
250 797 319 855 Τιιιι
338 805 431 882 pater,
453 795 498 873 qni
518 805 619 854 tenere
639 793 774 872 diligeret
793 794 878 866 filios,
900 793 1041 854 adiunctis
1050 813 1112 854 ser

127 885 171 942 sis
191 894 220 942 et
239 882 350 941 ancillis
369 899 403 938 ae
423 880 559 938 sumtibus
578 880 758 938 sufficienter
775 880 925 958 praebitis,
944 883 1111 960 naviinrpo-

128 971 201 1027 ¹sitos
221 988 283 1031 eum
301 977 391 1025 matre
411 965 484 1024 lilios
501 964 630 1024 Athenas
659 967 745 1023 mittit
772 964 957 1036 erudiendas,
986 985 1031 1026 me
1059 967 1112 1028 sibl

129 1056 219 1112 solunt
240 1053 325 1111 lilium
345 1049 381 1110 ad
400 1052 529 1109 solatium
548 1052 677 1109 retinens
697 1052 772 1109 etin
791 1048 846 1108 hoe
865 1050 977 1129 quidem
1006 1055 1114 1130 gratias

128 1158 232 1217 agens,
254 1139 394 1216 quianon
414 1139 499 1195 etiam
518 1155 563 1194 me
581 1138 732 1216 imperavit
750 1139 888 1196 somnium
916 1139 1026 1215 pariter
1052 1159 1113 1218 curn

129 1235 220 1283 matre
240 1220 404 1282 discedere.
450 1220 536 1280 Anno
554 1233 648 1280 autern
668 1222 811 1300 completo
829 1233 912 1300 pater
930 1226 1007 1282 misit
1017 1223 1051 1282 ad
1063 1240 1114 1284 eos

128 1309 260 1368 Athenas
278 1297 415 1366 homines
427 1317 456 1366 et
474 1317 592 1378 sumtus,
614 1308 690 1364 scire
709 1307 789 1364 simul
809 1307 1053 1387 cupiensqnirlag
1054 1321 1114 1381 ant,

130 1415 186 1453 nec
214 1405 309 1452 tamen
336 1385 460 1452 redeant
487 1395 534 1472 qui
561 1393 640 1450 missi
667 1401 743 1450 sunt.
788 1391 889 1450 Tertio
914 1412 1013 1452 rursus
1040 1415 1114 1453 anne

130 1480 338 1539 moestissimus
357 1489 442 1557 pater
459 1479 544 1536 mittit
571 1478 642 1535 alios
671 1496 735 1534 eum
762 1479 909 1554 pecuniis,
939 1480 987 1556 qni
1014 1486 1115 1556 quartu

131 1585 206 1624 anno
225 1566 353 1642 regressi
372 1565 508 1622 nunciant
525 1581 619 1642 neque
638 1572 757 1620 matrem
776 1581 809 1620 se
828 1581 921 1645 neque
943 1564 1048 1622 iratres
1073 1567 1114 1622 ri·

132 1650 221 1720 disse,
243 1647 293 1708 sed
313 1669 405 1728 neque
424 1647 553 1707 Athenas
572 1667 624 1706 eos
642 1647 946 1726 omninopervenisse,
966 1667 1117 1726 nequens·

134 1756 216 1814 quam
235 1735 354 1793 alicuius
373 1734 473 1793 saltem
493 1735 539 1813 qui
567 1753 629 1792 cum
656 1734 725 1812 ipsis
751 1734 866 1794 fuerant
893 1735 1042 1842 vestigium
1069 1754 1117 1794 re·

130 1832 253 1900 pertum.

178 1920 581 1984 10.Paterhacuaudieas
600 1931 631 1980 et
647 1921 735 1982 multa
751 1922 868 1981 tristitia
886 1921 1115 2002 obstupefactus,

134 2009 269 2068 nesciens
288 2027 343 2086 quo
359 2005 493 2068 tenderet
502 2019 551 2067 aut
561 2003 608 2066 uln
619 2018 783 2086 quaereret,
803 2027 859 2066 nna
873 2027 984 2070 mecum
995 2008 1117 2069 deacea-

135 2093 176 2154 tit
196 2092 233 2154 aul
255 2104 367 2172 portum
395 2104 425 2152 et
443 2095 593 2172 requirere
612 2112 628 2152 a
645 2095 740 2156 nautis
758 2095 869 2178 eoepit,
897 2094 998 2154 sicubi
1015 2097 1117 2173 aliquis
1219 2145 1232 2150 -

135 2200 235 2265 eorum
253 2178 372 2239 vidisset
391 2189 439 2239 aut
457 2179 583 2240 audisset
604 2177 757 2258 aliquando
784 2189 852 2236 ante
879 2189 1001 2264 quatuor
1027 2200 1117 2239 annos

134 2284 239 2343 eorpus
257 2264 383 2324 mulieris
402 2282 465 2323 cum
484 2263 595 2323 dnobus
611 2266 737 2340 parvalis
764 2264 899 2332 eiectum
945 2259 1016 2321 Cum
1038 2266 1117 2323 multi

133 2350 221 2411 multa
231 2348 381 2419 dicerent,
402 2367 456 2407 nec
475 2346 581 2426 aliquid
600 2348 683 2406 nobis
700 2348 758 2406 rati
783 2346 965 2406 elucesceret
991 2360 1047 2407 tam
1066 2351 1118 2407 im-

133 2456 260 2498 mensum
278 2436 399 2513 pelagus
417 2432 675 2513 perscrutantibus,
691 2451 749 2512 pro
775 2432 863 2489 multo
890 2443 985 2493 tamen
1011 2435 1117 2493 allecta

134 2532 310 2600 paterquem
330 2538 477 2597 ergasuos
495 2517 627 2597 gerebat,
648 2518 820 2601 pascebatur
835 2518 916 2575 ranis
934 2518 1049 2597 spebus,
1066 2519 1118 2577 do.

135 2625 190 2665 nec
209 2607 297 2665 risam
316 2615 362 2665 est
380 2605 419 2675 ei,
438 2615 470 2663 ut
487 2623 532 2661 me
551 2603 603 2661 sub
621 2601 857 2681 procuratoribus
879 2602 1040 2663 ordinatum
1060 2605 1132 2673 tto-x

135 2708 198 2751 ntae
225 2692 412 2769 relinqueret,
443 2708 580 2750 annorum
609 2708 672 2747 cum
700 2706 793 2748 essem
821 2686 985 2762 duodecim,
1006 2702 1036 2747 et
1054 2691 1118 2769 ipso

135 2787 275 2855 pergeret
292 2775 329 2835 ad
346 2773 559 2853 requirendum.
606 2773 691 2839 Flens
709 2776 806 2852 itaque
825 2772 983 2833 deseendit
996 2773 1033 2835 ad
1051 2794 1119 2853 por-

136 2873 206 2932 tum,
227 2872 257 2919 et
267 2880 375 2923 'navem
395 2860 593 2920 conscendens
612 2861 761 2939 profectus
774 2869 835 2918 est.
862 2859 907 2917 Ex
925 2880 962 2919 eo
980 2880 1071 2939 usqne
1090 2864 1120 2917 in

135 2945 304 3006 hodiernum
323 2964 418 3023 neque
435 2946 534 3007 literas
553 2948 614 3007 eius
632 2946 745 3043 accepi,
766 2940 860 3023 nequo
877 2946 902 3003 si
919 2947 997 3005 rivet
1008 2957 1057 3004 ιιιι
1068 2945 1119 3002 de-

135 3032 252 3089 functus
271 3030 307 3086 sit
325 3032 412 3089 nori.
450 3028 510 3088 Sed
528 3031 619 3105 magis
638 3031 781 3107 suspicor,
803 3031 882 3106 quia.
876 3041 916 3088 .et
931 3032 995 3107 ipse
1014 3030 1120 3088 obierit

136 3124 186 3183 aut
204 3114 318 3171 tristitia
337 3116 428 3171 vietus
447 3125 495 3173 aut
513 3115 679 3191 naufragio·
700 3114 779 3173 anni
785 3113 890 3173 etenim
909 3114 1009 3192 uiginti
1024 3115 1120 3197 elapsi

137 3210 202 3263 sunt
221 3198 320 3277 quibus
338 3198 410 3257 haec
430 3210 580 3277 geruntur,
601 3210 631 3257 et
649 3218 686 3257 nc
705 3198 823 3262 nuncius
842 3196 956 3279 quidem
974 3196 1009 3259 ule
1029 3217 1064 3259 ee
1084 3196 1120 3257 ad

138 3303 183 3365 nte
203 3284 304 3362 aliquis
323 3286 411 3345 veuit.
480 3344 485 3369 ι

182 3404 236 3463 ll.
284 3402 385 3465 Petrus
404 3406 476 3464 haec
494 3403 614 3465 audiens
631 3424 668 3463 ex
686 3406 791 3464 allecte
819 3406 950 3466 lacrimas
977 3406 1060 3480 ludit,
1090 3418 1121 3467 ot

139 3487 174 3549 ad
193 3502 247 3547 eus
264 3491 313 3565 qni
329 3480 450 3549 aderant
468 3492 621 3549 hnailiares
640 3491 694 3548 ait:
716 3490 795 3549 llaec
814 3493 838 3550 si
857 3490 921 3570 quis
936 3492 966 3551 in
984 3491 1034 3553 dei
1042 3494 1120 3553 crrlta

139 3574 248 3651 positus
266 3574 432 3651 pertulisset
450 3594 523 3653 quae
541 3575 623 3635 huius
642 3576 759 3652 pertulit
785 3586 879 3653 pater,
909 3579 1001 3637 statim
1029 3579 1120 3636 homi·

138 3678 191 3717 aes
208 3658 344 3734 religioni
362 3658 562 3717 adscriberent
579 3678 775 3719 aerumnarum
794 3680 943 3734 coassumi
963 3680 1037 3740 quas
1055 3682 1119 3720 eunt

140 3740 273 3801 accidunt
289 3746 402 3803 miseris
429 3745 592 3819 gentilibus,
611 3745 749 3819 melorum
768 3754 896 3804 caussam
923 3747 983 3807 luto
1010 3745 1121 3805 adseri·

139 3825 219 3885 bunt.
265 3826 389 3899 Miseros
406 3840 501 3890 autem
521 3828 587 3887 dico
607 3848 670 3898 cos,
691 3832 756 3907 qnia
775 3841 805 3887 et
824 3829 869 3888 bic
887 3841 1120 3890 vexantnrerro-

139 3910 217 3973 ribus
236 3922 266 3971 et
284 3912 320 3971 ah
338 3932 388 3993 spe
406 3914 501 3975 futura
519 3912 701 3987 fraudantur3
730 3914 776 3973 dei
804 3914 931 3975 cultores
957 3932 1019 3977 eum
1047 3917 1121 3975 liaeo
