2634 4400
569 265 641 328 ἰιι

521 363 735 374 ----.--——-

139 495 200 536 esse
224 479 253 534 in
277 477 432 553 epitomen,
458 486 492 533 ut
512 495 539 532 o.
561 495 587 534 c.
610 475 678 534 libr.
701 477 732 532 1.
754 493 780 531 e.
801 475 842 532 23
854 508 893 516 --
905 473 956 532 53.
979 483 1011 530 et
1026 475 1047 531 l.
1068 476 1114 544 8.,

138 583 164 622 c.
187 561 318 622 5-62.
356 563 471 620 Etenim
490 561 545 618 boc
565 561 659 618 ultera
680 562 709 617 in
730 559 794 617 loco
812 561 855 617 sic
866 561 977 635 legitur
986 561 1016 616 in
1027 560 1113 617 codd.

137 645 352 724 lipsiensibus:
371 647 420 688 -Ψ
442 665 543 724 „quae
571 648 751 722 ignorantur
778 646 917 703 inueniet.
968 645 1035 702 lum
1060 645 1117 702 Ni-

138 743 203 791 cetn
222 742 324 810 aperte
344 742 375 790 et
391 731 518 793 dilucide
537 731 593 801 illi,
615 739 646 788 et
663 731 732 807 quia
751 731 821 787 eleus
840 739 933 787 estet
949 731 1018 807 quia
1035 748 1129 786 mun-1

138 817 190 876 clus
217 819 279 874 eius
302 818 492 894 prouidentia
519 818 651 892 regitur,
681 835 830 891 exponere
848 817 955 890 coepit.
979 817 1022 883 (e.
1043 816 1115 889 41.)

139 905 196 962 Cui
210 903 368 961 succedens
384 903 498 979 Aquila
515 903 544 958 si
561 902 631 978 quicl
657 919 675 957 u
692 897 799 977 fratrc
822 901 982 976 semiplene
1010 901 1118 957 dietum

134 985 248 1061 fuerat,
266 986 447 1064 firmissimis
463 985 684 1044 'adsertionibus
702 984 890 1061 adprobavit,
916 986 960 1042 ita
978 993 1010 1042 ul
1026 1004 1118 1046 senc-n

138 1075 260 1143 eliceret,
283 1083 340 1130 tam
354 1073 521 1148 prudenter
531 1080 562 1128 et
568 1068 700 1146 sortiter
718 1089 768 1127 eos
781 1079 988 1146 prosequutus,
1009 1079 1044 1126 ut
1059 1089 1118 1127 mc-

139 1159 194 1216 lius
213 1159 248 1222 cle
267 1159 351 1215 liuius
368 1159 417 1215 rei
433 1157 623 1233 inquisitione
642 1156 705 1213 clici
720 1175 778 1213 non
793 1155 900 1232 possit.
946 1156 1009 1213 Sed
1017 1156 1118 1213 deboc

139 1263 172 1300 rc
190 1243 367 1301 solummodo
385 1242 446 1300 sibi
460 1242 627 1319 scrupulum
646 1241 772 1309 annueri,
794 1241 864 1316 quia
883 1249 970 1298 cntra
985 1241 1118 1318 genesim

127 1325 345 1406 ficri-aliquid
370 1347 428 1385 non
452 1336 591 1404 pecteret,
621 1327 723 1384 dicens
750 1327 847 1382 omnia
863 1325 924 1383 sibi
942 1327 1118 1383 necessitate

134 1415 253 1490 genesis
276 1413 429 1470 accidisse.
462 1415 476 1481 (
479 1432 504 1470 c.
528 1413 597 1484 57.)
644 1414 688 1481 Si,
719 1413 816 1487 inqicit
836 1412 967 1486 Aquilo,
997 1429 1036 1467 ea
1054 1412 1118 1487 ipsa

138 1497 778 1574 disciplina—scicntiamruatbescsattigit.
802 1496 925 1566 (css.)
957 1498 1025 1553 Cum
1044 1496 1118 1552 baec
1150 1517 1155 1525 ·

136 1584 250 1660 chcr'la
268 1584 393 1640 linisset
409 1592 448 1653 et,
475 1602 530 1659 ego
552 1583 695 1651 Clemens,
725 1582 867 1650 crastino,
889 1575 1018 1657 utquam,
1039 1581 1119 1637 elices

132 1678 224 1744 pater
242 1703 281 1710 -
307 1673 319 1736 l
324 1688 350 1724 c.
371 1669 441 1741 62.)
462 1669 567 1725 Petrus
580 1667 717 1724 surremit
729 1675 760 1722 et
772 1665 874 1748 nerbas
888 1667 1036 1722 elcbnisc‘t.“
1057 1674 1114 1723 etc.

137 1754 172 1810 In
192 1761 276 1810 tanta
295 1755 388 1829 igiter
405 1757 503 1810 rerum
523 1752 703 1810 obscuritate
719 1758 748 1808 et
757 1750 942 1809 dubitatione
953 1769 1037 1828 quum
1048 1759 1118 1809 aute

136 1839 189 1894 lios
204 1839 301 1896 elecem
312 1857 404 1896 annos
414 1840 444 1896 in
455 1839 564 1895 maiori
571 1837 713 1896 librorum
726 1837 969 1894 Clementinorum
977 1838 1118 1894 seditione

138 1933 315 1999 occupatus,
346 1923 496 1982 arabicam
522 1924 766 2000 llecognitionum
794 1923 1068 1998 interpretationem
1087 1923 1118 1978 in

138 2007 315 2066 bibliotheca
333 2011 420 2086 regia
437 2010 603 2068 Parisiensi
619 2009 750 2066 inueniri
765 2027 803 2063 cn
821 2008 960 2084 catalogo
980 2004 1115 2065 biblioth.

136 2111 202 2169 neg.
222 2095 248 2150 I.
265 2113 298 2170 p.
321 2096 393 2151 106.
414 2095 614 2172 cognoverim,
634 2093 817 2163 Flciscbcro,
838 2093 898 2150 oiri
914 2093 1114 2170 egregiiSilo.

137 2179 172 2236 dc
190 2179 268 2254 Sacp
287 2179 337 2237 illo
358 2189 485 2258 tempore
505 2179 843 2249 accde'toridilectissimo,
863 2179 1119 2261 nunclinguamcm

138 2264 326 2321 orientalium
350 2266 379 2321 in
407 2276 509 2324 nostra
537 2266 704 2322 litterarum
731 2264 924 2321 universitate
951 2261 1121 2340 Professori

132 2349 292 2424 praeclare
311 2351 426 2417 rnerilo,
438 2347 536 2423 facile
551 2350 701 2425 persuasi,
722 2357 756 2404 ut
773 2348 849 2405 libro
869 2348 925 2404 isto
932 2349 1118 2423 perlustrato

140 2442 309 2489 accuratum
329 2434 391 2489 cius
408 2452 514 2489 mecum
534 2434 763 2490 communicaret
779 2433 925 2490 notitiam.
971 2432 1033 2489 Sed
1053 2452 1120 2509 spes

139 2536 224 2594 prium
243 2518 272 2574 iu
292 2518 426 2575 cressione
445 2518 567 2575 arabica
586 2518 814 2588 collocaveram,
835 2537 879 2574 me
887 2514 1044 2594 frustrato
1062 2527 1116 2576 cst.

140 2602 241 2659 auten
267 2622 319 2661 ms.
344 2605 508 2674 Parisinus,
539 2604 590 2680 qui
606 2604 685 2661 mter
704 2604 864 2661 orientales
886 2622 964 2661 neira.
985 2603 1037 2661 70.
1057 2605 1119 2680 sig-

136 2696 236 2757 natur,
259 2696 289 2745 et
306 2688 478 2749 inscribitur
497 2691 737 2759 „Testamentum
758 2689 866 2763 Christe
886 2689 999 2746 domini
1015 2690 1055 2746 ad
1062 2690 1118 2746 Pe·

129 2781 213 2834 ¹trum
232 2782 264 2830 et
279 2776 376 2831 omnia
394 2776 533 2850 mysteria
552 2793 626 2851 quae
642 2774 838 2843 cireoelauit,
860 2783 982 2832 auclore
997 2775 1031 2832 S.
1054 2774 1119 2831 Cle·

136 2866 231 2914 mente
249 2860 405 2915 lloncano“
426 2868 482 2915 etc.
509 2860 583 2916 XCI
596 2858 776 2917 sectionibus
794 2858 874 2916 bonel
886 2877 986 2935 pauca
1005 2859 1119 2935 quidem

137 2943 278 3011 continet,
300 2961 374 3018 quae
393 2963 431 2999 en
448 2944 709 3019 Recognitionibus
727 2953 869 3019 cncerptn
888 2964 949 3001 esse
968 2934 1136 3015 uidentur(

135 3027 190 3083 secl
207 3022 330 3101 consusa
349 3046 384 3083 ca
403 3047 465 3084 cum
485 3029 604 3105 ineptiis
621 3029 770 3105 uariisque
789 3029 1071 3086 hallucinationibus
1082 3048 1117 3086 ac

132 3111 285 3187 pcrmiala
305 3111 560 3187 conquestionibus
578 3115 613 3169 cle
633 3114 751 3170 iniuriis
769 3113 904 3183 clinalis,
925 3111 1029 3188 quibus
1039 3109 1118 3189 affli-

134 3195 286 3271 gelantur
307 3197 425 3254 saeculo
448 3204 522 3273 post
548 3196 618 3254 Cbr.
647 3205 748 3253 natum
775 3197 886 3254 dcccmo
911 3198 1011 3273 quinto
1033 3197 1119 3254 Cleri-

136 3280 231 3338 stiani
246 3282 276 3337 in
298 3282 418 3339 Oriente
437 3282 577 3357 degentes
595 3300 613 3339 a
631 3281 866 3341 ubsolamcdam's.

179 3368 261 3423 Haec
279 3366 315 3423 cle
332 3366 594 3442 Recognitionibus
614 3367 800 3425 dictasunto.
825 3368 917 3426 Plura
933 3387 1003 3426 oero
1015 3368 1077 3426 alia
1087 3370 1118 3427 in

138 3451 221 3507 uliud
238 3460 347 3527 tempus
366 3446 533 3528 differenda
552 3472 613 3509 csse
631 3453 727 3509 video.
764 3454 855 3527 Quum
873 3455 949 3511 enim
966 3454 1119 3513 Bernhar-

138 3534 191 3591 clus
221 3537 432 3607 Taucbnitius‚
464 3538 569 3593 Caroli
597 3537 768 3614 Tarccbne'tc'c'
793 3557 831 3612 en
839 3534 945 3614 fratre
953 3537 1051 3615 filius,
1073 3540 1119 3596 oir

129 3619 363 3691 bonestissimns,
385 3622 489 3678 iterum
509 3640 544 3678 nc
561 3623 679 3699 saepius
697 3640 715 3678 a
734 3640 777 3679 me
782 3624 918 3699 petisset,
939 3625 1119 3683 utselectom

132 3712 252 3778 patrum
271 3706 535 3765 ecclesiasticorum
554 3706 760 3765 bibliothecam
778 3709 1002 3784 quamprimum
1029 3708 1118 3767 eden-

140 3787 205 3844 clam
224 3808 369 3859 curarem,
391 3810 466 3867 quae
485 3800 626 3849 contentu
644 3790 983 3869 uz‘lcgcnterrccogucno,
1003 3792 1116 3851 modico

140 3875 279 3948 empturus
292 3877 399 3959 pretio
406 3875 556 3953 parabolis
575 3887 661 3949 essct,
683 3895 855 3955 quamquam
872 3896 917 3935 me
943 3896 1002 3935 non
1024 3896 1117 3955 prce·
