2634 4400
539 261 542 280 ’
591 312 687 388 ιιιι

126 521 214 577 tentis
232 519 377 577 intrares
396 521 537 598 serpentis
556 519 630 578 baec
647 539 713 578 esse
737 515 875 580 consilia?
903 525 949 601 qni
976 540 1027 582 nos
1054 543 1108 602 per

123 603 340 662 irrationabiles
359 623 488 664 errorum
507 606 710 682 suggestiones
728 608 874 665 aratione
901 609 1031 666 veritatis
1057 609 1107 668 ab·

125 689 267 760 ducit,nt
285 707 336 746 ros
355 687 480 748 libidinis
499 701 529 749 et
547 691 801 768 concupiscentiae
819 711 853 750 ac
872 693 960 751 totius
979 691 1116 752 dedeco-'

123 775 164 832 ris
182 793 282 832 servos
301 784 452 833 teneatue
471 775 626 834 ministros,

166 857 225 918 52.
273 856 333 918 Sed
352 851 506 936 ego-clara
523 879 579 918 vos
592 879 692 919 omnes
709 859 934 939 praedicationis
943 879 1016 921 voce
1036 880 1106 922 cou-

121 954 229 1014 tcstor,
251 943 327 1022 qnod
345 964 361 1002 e
381 945 528 1003 contrario
546 942 650 1022 religio
670 944 718 1003 dci
736 945 771 1004 ad
790 946 974 1006 sobrietatem
992 967 1044 1007 vos
1058 967 1106 1006 re„

123 1039 210 1087 vocat
229 1039 259 1087 et
275 1026 452 1107 pudicitiam,
474 1049 491 1088 a
511 1030 621 1089 luxuria
640 1049 674 1088 ac
693 1032 792 1090 lurore
814 1031 895 1090 iubet
920 1049 985 1091 esse
1012 1035 1107 1090 conti»

123 1125 243 1184 nentes,
273 1124 302 1172 ct
319 1132 373 1192 per
390 1112 556 1192 patientiam
574 1133 608 1173 ac
628 1115 870 1174 mansuetudinem
889 1134 1026 1176 resecare
1044 1118 1106 1196 lap»

124 1216 171 1257 sns
190 1197 367 1269 iracundiae,
388 1201 514 1277 propriis
533 1219 599 1258 esse
618 1210 782 1272 contentos,
804 1211 834 1260 et
849 1203 1106 1280 tlrtutcparsimo·

122 1285 202 1354 niae,
223 1302 260 1342 ne
278 1293 409 1362 egestate
429 1283 540 1362 quide‘m
561 1286 724 1363 compulsos
741 1286 835 1343 aliena
851 1283 992 1364 diripere,
1013 1285 1105 1345 sedin

123 1367 254 1427 omnibns
273 1387 390 1427 semare
409 1370 556 1440 iustitiam,
577 1368 612 1426 ab
630 1367 771 1427 idolorum
781 1389 832 1427 vos
849 1371 1044 1447 immolatione
1053 1391 1105 1450 pe·

122 1454 198 1512 nitus
218 1472 386 1526 removere;
407 1473 460 1538 per
478 1453 550 1511 baec
570 1454 645 1511 enim
664 1453 789 1512 invitatis
812 1451 967 1513 daemones
984 1455 1020 1513 ad
1038 1475 1105 1517 vos·-

121 1537 272 1617 metipsos,
302 1549 332 1596 et
362 1536 526 1597 introeundi
554 1539 596 1596 cis
623 1537 729 1596 aditum
756 1548 857 1616 sponte
883 1538 1044 1616 praebetis,
1074 1557 1105 1598 ct

122 1639 160 1682 ex
177 1623 233 1681 boc
251 1624 306 1684 iarn
325 1623 370 1681 rel
388 1623 495 1681 luroris
514 1635 628 1682 caussas
647 1622 693 1681 vel
711 1621 804 1680 illiciti
822 1624 927 1681 amoris
937 1625 1081 1702 accipitis.

123 1739 128 1744 .
162 1707 220 1766 55.
268 1707 342 1765 Hinc
362 1709 455 1766 omnis
472 1707 624 1787 impietatis
643 1709 728 1785 origo
746 1705 908 1779 descondit,
928 1707 994 1766 binc
1013 1708 1104 1766 boni-

120 1791 209 1862 cidia,
230 1789 381 1863 adulteria,
402 1793 488 1864 inrta,
510 1802 540 1850 et
557 1793 737 1851 seminarium
756 1791 893 1850 malorum
911 1793 1034 1852 omniurn
1052 1795 1104 1852 sso-

120 1879 314 1956 gitiorumquc
334 1878 507 1955 concipltur,
530 1875 594 1936 dum
613 1871 742 1956 prolanls
759 1876 937 1937 libaminibus
956 1888 987 1936 et
1005 1877 1104 1937 odori»
1148 1916 1157 1925 κ

120 1962 173 2020 bus
192 1960 361 2038 indulgetis,
383 1981 417 2020 ac
435 1961 528 2020 locum
548 1961 713 2020 dominandi
740 1963 770 2020 in
788 1981 840 2020 vos
858 1973 889 2021 et
906 1963 949 2021 ius
967 1963 1104 2043 quodam-

120 2045 207 2104 modo
227 2045 375 2105 obtinendi
401 2047 532 2124 malignis
559 2047 706 2125 spiritibus
732 2040 827 2106 datie.¹
873 2047 1001 2126 lugressi
1028 2051 1103 2109 enirn

120 2150 223 2191 sensus
248 2134 373 2204 t‘estr'os,
403 2131 469 2212 qnid
496 2133 550 2190 nisi
574 2131 650 2212 quac
678 2131 813 2204 libidinis,
843 2144 915 2211 quae
933 2134 1101 2207 iniustitiae,

121 2236 196 2297 quae
214 2215 392 2277 crudelitatis
410 2229 475 2283 sunt
492 2229 658 2296 operentur,
689 2229 720 2275 et
744 2216 898 2275 adomnia
923 2236 975 2276 vos
1002 2218 1102 2295 qubus

121 2304 176 2381 ipsi
196 2301 387 2374 delcetantur,
409 2303 542 2378 subigunt
557 2299 700 2367 obedire?
722 2302 906 2379 permittente
924 2320 1029 2361 revera
1045 2303 1102 2361 boc

121 2386 178 2446 doo
195 2390 256 2467 pati
282 2406 333 2447 vus
351 2387 387 2446 ab
415 2388 457 2446 eis
484 2388 559 2444 lusto
579 2384 699 2463 quodum
717 2383 837 2456 iudicio,
865 2396 898 2443 nt
915 2404 952 2443 ex
969 2387 1032 2463 ipso
1051 2385 1102 2446 de-

120 2470 231 2531 decore
248 2482 360 2532 aetnnm
379 2486 571 2549 sensuumque
588 2480 748 2529 vestrorum
766 2468 945 2546 intelligatis,
965 2473 1102 2549 quamin-

120 2556 236 2635 dignnm
256 2559 300 2617 sit
313 2555 498 2617 daemonibus
517 2566 548 2615 et
565 2574 622 2614 non
649 2553 716 2614 deo
733 2565 799 2614 csse
816 2553 981 2615 subiectos.
1029 2554 1102 2615 lline

120 2652 156 2701 et
169 2641 204 2701 ad
223 2642 377 2702 indecoros
397 2653 426 2702 et
448 2640 550 2700 ioedus
577 2651 658 2700 actas
685 2658 740 2720 per
764 2640 905 2699 amicitias
933 2640 1102 2701 daemonum
1134 2707 1138 2718 ¹

118 2728 301 2807 pervenitur3
321 2729 387 2786 bine
406 2725 549 2805 usquead
577 2724 664 2805 ipsius
689 2725 950 2805 vitaepemieien
974 2727 1021 2785 vel
1048 2738 1103 2805 per
1127 2724 1133 2732 ’

118 2814 257 2871 flammam
276 2810 400 2871 libidinis
418 2808 578 2885 acceditur,
598 2812 644 2872 vel
662 2831 716 2893 per
740 2810 908 2870 iracundiae
926 2810 1034 2870 rabiem
1053 2820 1102 2869 aut

118 2897 295 2956 nimietatem
313 2897 447 2956 tristitiae
465 2899 695 2975 pervenitur,⁴nt
711 2910 798 2982 saepo
824 2906 922 2954 notum
949 2908 995 2955 est
1016 2898 1101 2957 etium

117 2997 217 3041 manus
235 2980 289 3063 sibi
308 2982 438 3039 intulisse
456 2982 623 3053 nonnullos3
644 2979 720 3059 qnod
738 2991 769 3039 ut
786 2980 918 3050 diximus,
938 2977 1013 3039 lustu
1032 3000 1102 3058 quaa

117 3064 183 3125 dam
210 3064 259 3121 dei
272 3066 427 3124 'sententia
453 3066 517 3125 lleri
544 3065 579 3123 ab
605 3066 649 3123 bis
668 3078 725 3122 nou
743 3063 922 3142 prohibetur,
942 3074 974 3121 ut
991 3074 1022 3122 et
1040 3066 1101 3141 qui÷

116 3151 170 3209 bus
190 3168 222 3207 se
241 3146 419 3207 subdiderint
436 3146 609 3228 intelligant,
630 3158 760 3229 atquem
788 3145 969 3214 deseruerint
994 3165 1101 3225 recog*

115 3245 249 3295 noscam.
351 3302 353 3307 ¹
987 3266 991 3273 ·

159 3320 216 3380 Μ.
264 3318 324 3379 Sed
343 3318 420 3379 dicet
437 3322 550 3405 aliquis,
580 3315 728 3399 passiones
753 3314 827 3382 israe
854 3308 994 3396 interdum
1021 3320 1100 3376 accis

118 3405 188 3465 dunt
206 3407 290 3465 etiam
309 3404 352 3463 bis
371 3408 418 3484 qni
438 3400 520 3465 deum
539 3400 647 3465 colunt.
694 3397 761 3463 Non
780 3406 825 3462 e‘st
849 3422 965 3476 verum,
994 3406 1100 3462 etenim

118 3511 171 3549 nos
189 3491 265 3551 illurn
284 3489 331 3550 dei
359 3488 477 3550 dicimus
505 3505 571 3549 esse·
597 3488 750 3560 cultorem,
779 3491 826 3568 qni
852 3489 1025 3547 voluntatem
1052 3486 1101 3545 dei

117 3576 189 3634 lacit
207 3586 236 3634 et
254 3577 328 3653 legis
350 3586 506 3655 praccepta
534 3574 669 3635 custodita
706 3568 804 3653 ¹dspud
831 3572 916 3631 dourn‘
941 3574 1015 3631 enim
1031 3562 1099 3634 ‘non

118 3660 168 3718 ille
187 3660 232 3738 qui
251 3659 324 3738 apud
343 3662 474 3721 homines
492 3658 613 3720 ludaeos
632 3653 748 3730 dicitur,
769 3652 889 3722 ludaeos
916 3668 976 3726 est,
1006 3667 1099 3733 neque

119 3747 166 3823 qni
185 3740 300 3822 gentilis
318 3757 449 3817 vocatur,
479 3745 527 3804 illo
546 3742 662 3821 gentilis
680 3754 737 3814 est,
766 3743 817 3801 sod
836 3743 882 3819 qul
902 3740 957 3799 deo
976 3739 1099 3798 credens

118 3830 212 3906 legem
231 3829 393 3907 impleverit
412 3850 446 3893 ac
464 3831 639 3889 voluntatem
666 3830 728 3887 cias
754 3828 874 3897 iecerit,
904 3825 1015 3884 etiamsi
1042 3835 1099 3882 non
1149 3831 1153 3842 “

117 3915 154 3971 sit
172 3915 370 3973 circumcisus,
416 3916 510 3975 Verus
530 3914 576 3973 dei
596 3902 691 3973 cultor
702 3923 753 3971 ost
778 3913 821 3981 ls,
845 3910 898 4052 pul
926 3928 981 3968 nou
1009 3908 1098 3969 solun

865 3998 886 4053 0
