2634 4400
665 288 730 348 tw

133 519 136 527 ¹
210 480 401 575 quichelmus
419 493 631 553 miserationem
649 492 752 564 vestri,
772 490 823 551 sub
842 494 1081 572 specicveritatis
1090 512 1192 554 errare

209 600 261 641 vos
280 581 383 641 nollem
403 590 432 638 et
450 580 557 641 habere
575 591 681 639 metum
700 578 737 637 dc
755 577 800 637 his
822 597 896 657 quac
914 600 973 638 uon
999 594 1079 653 suut3
1099 591 1149 637 aut
1167 580 1194 637 si

210 668 316 746 putatis
335 686 400 725 esse
418 663 523 743 aliquid
541 668 614 736 veri,
634 662 740 722 tradite
759 664 845 724 etiam
864 664 943 725 milti.
990 666 1021 725 Si
1049 685 1193 745 crgopa-

210 753 317 811 tientes·
335 753 477 831 accipitis,
506 772 621 830 possum
647 770 700 809 vos
726 749 982 828 paucis'edocere
1009 770 1084 832 quae
1110 761 1195 809 recte

210 848 285 910 suut,
307 839 331 897 si
348 858 420 897 vero
437 838 598 908 molestum,
618 855 738 915 pergam
756 847 787 895 et
803 854 884 894 meos
901 847 983 895 actus
997 851 1090 915 agam.
1137 835 1194 893 Cui

210 920 313 984 Petrus
331 920 496 1001 respondit:
518 922 571 981 llic
590 940 646 999 age
666 920 741 999 quod
760 920 810 979 tibi
828 920 1080 994 villambonam,
1109 933 1140 981 et
1157 923 1195 980 ii·

210 1011 314 1069 bentcr
331 1010 486 1086 accipimus
504 1008 565 1069 sive
583 1006 612 1065 it
631 1026 730 1065 verum
749 1007 810 1065 sive
829 1008 913 1065 etiam
932 1007 1032 1065 falsum
1052 1010 1104 1081 sit3
1132 1026 1195 1066 am-

209 1091 378 1174 plectendus
397 1094 471 1151 enim
491 1111 534 1162 es,
554 1093 620 1171 quia
639 1089 716 1170 quod
733 1091 785 1149 titt
802 1090 1040 1165 bouumvidctur‚
1060 1103 1194 1171 tanquam

210 1190 294 1259 pater
311 1197 364 1255 pro
384 1177 448 1235 liliis
467 1178 604 1237 sollicitus
623 1194 806 1236 commouere
823 1177 950 1237 uoluisti.

254 1264 289 1323 2.
334 1262 402 1320 Tum
422 1264 520 1321 senior
537 1264 636 1340 coepit
654 1260 770 1321 dicere:
791 1262 822 1321 ln
841 1264 912 1321 mari
930 1284 981 1322 vos
999 1263 1102 1323 lavisse
1119 1262 1192 1335 sicli,

211 1358 324 1427 etpost
341 1346 397 1405 hoc
416 1347 451 1406 ad
470 1357 613 1406 secretum
632 1348 791 1406 secessisse
809 1347 918 1420 iocum3
945 1347 1100 1407 observans
1119 1368 1194 1425 crgo

211 1434 248 1495 te
258 1432 373 1491 occulto
384 1431 449 1511 quid
460 1434 488 1490 iu
498 1444 615 1492 secreto
624 1434 764 1510 ageretis,
777 1443 893 1492 orantes
902 1435 1031 1511 inspexi3
1042 1435 1196 1492 miseratus

210 1520 300 1597 igitur
313 1537 441 1577 errorem
451 1528 589 1588 vestrum,
602 1518 730 1595 opperiri
741 1518 836 1595 coepi,
848 1537 995 1597 usquequo
1005 1536 1141 1595 egressos
1151 1519 1194 1576 al-

210 1604 348 1683 loquerer
357 1602 543 1673 minuerem,
555 1622 591 1661 uc
602 1603 707 1662 erretis
716 1604 744 1659 iu
755 1601 914 1661 huiusmodi
924 1604 1117 1672 observantia,
1127 1605 1195 1681 quie

211 1708 305 1768 neque
324 1687 394 1747 deus
412 1700 457 1747 est
474 1706 568 1767 neque
587 1686 910 1766 cultusluicaliquisest‚
931 1686 1197 1767 uequcprovidcu-

210 1776 290 1833 ticin
302 1772 415 1845 mundo,
436 1772 486 1833 sed
497 1774 630 1832 fortuitus
641 1791 723 1831 casus
734 1783 763 1831 et
773 1773 889 1850 genesis
898 1769 987 1850 agunt
997 1774 1103 1844 omnia,
1119 1775 1196 1832 sicut

211 1880 269 1937 ego
284 1878 321 1919 ex
330 1861 438 1938 meipso
449 1859 678 1918 manifestissime
689 1858 818 1936 comperi
827 1858 855 1915 iu
866 1855 1017 1937 disciplina
1030 1858 1196 1918 matheseos

211 1944 424 2025 praecaeteris
439 1942 577 2003 cruditus.
602 1943 702 2002 Nolite
721 1962 794 2021 crgo
813 1962 933 2013 errare,
953 1945 1015 2002 sive
1031 1944 1107 2002 euim
1126 1963 1197 2003 ore-

211 2032 259 2100 tis,
280 2030 339 2087 sive
355 2050 411 2087 non
430 2030 530 2100 oretis,
553 2026 627 2107 quod
646 2028 762 2105 genesis
780 2039 877 2086 vestra
894 2030 1043 2099 continet,
1063 2028 1120 2087 hoc
1139 2030 1198 2087 crit

211 2115 303 2173 uobis.
349 2114 387 2172 m
405 2134 461 2190 ego
481 2114 614 2172 Clemens
632 2114 733 2171 nescio
751 2112 818 2191 quid
836 2112 926 2172 corde
944 2114 1088 2192 pulsabas,
1109 2115 1197 2173 muita

212 2201 292 2281 quasi
310 2211 379 2260 note
396 2201 462 2259 milri
480 2201 616 2260 recolens
634 2201 663 2258 iu
682 2219 735 2273 θος
754 2198 830 2258 bene
849 2199 1106 2279 enimaitquidam,
1128 2203 1196 2280 quia

212 2285 287 2366 quod
306 2287 455 2366 exaliqua
473 2297 566 2345 natum
586 2296 640 2356 est,
663 2286 748 2343 ctiam
766 2286 790 2344 si
808 2286 896 2344 multo
914 2296 1044 2365 tempore
1053 2286 1192 2357 abfuerit,

212 2393 351 2452 nunquam
369 2384 463 2432 temen
482 2373 606 2432 scintilla
623 2372 845 2450 propinquitatis
867 2372 1054 2449 extinguitur.
1101 2371 1195 2452 Coepi

212 2476 284 2536 ergo
302 2458 486 2536 interrogare
504 2456 539 2515 eb
559 2475 605 2528 co,
627 2458 690 2533 quis
709 2454 831 2514 et'uudc
859 2467 948 2528 essct,
975 2458 1022 2515 vel
1050 2457 1194 2536 quomodo

212 2554 303 2602 ortus.
348 2541 388 2601 At
405 2545 454 2602 illc
472 2541 507 2600 ad
526 2540 597 2600 hae'c
616 2540 797 2620 respondere
815 2542 932 2600 uolens:
959 2542 1043 2615 Quid,
1064 2544 1116 2613 ait,
1138 2543 1193 2600 hoc

210 2631 337 2706 pertinet
354 2629 390 2686 ad
408 2649 444 2688 ea
462 2646 534 2706 quae
554 2625 612 2684 dixi
631 2628 731 2686 vohis?
755 2625 927 2706 Sedprimo‚
948 2628 971 2685 si
985 2626 1109 2699 videtur,
1130 2648 1194 2686 scr-

211 2732 257 2770 mo
277 2711 313 2770 dc
331 2713 375 2772 his
393 2732 466 2792 quae
484 2714 683 2791 proposuimus
701 2710 851 2784 habeatur,
881 2722 911 2770 et
936 2713 1090 2791 posthaec
1109 2715 1134 2772 si
1152 2714 1194 2771 ita

210 2816 259 2856 res
281 2799 457 2876 poposcerit,
477 2797 581 2855 nomen
600 2809 630 2855 ct
648 2818 739 2875 genus
757 2817 792 2856 ac
810 2799 930 2876 patriam
950 2809 1191 2877 etcacteraquac

210 2881 283 2940 haec
301 2892 467 2960 sequuntur,
488 2882 609 2939 invicem
636 2883 719 2940 uobis
746 2893 777 2940 ut
802 2883 887 2941 amici
909 2882 1008 2941 amicis
1034 2884 1194 2961 poterimus

211 2968 338 3045 aperire.
383 2965 557 3024 Mirabamur
574 2977 669 3025 tamen
689 2987 786 3026 omnes
800 2968 991 3046 eloquentiam
1000 2968 1065 3039 viri,
1086 2978 1194 3046 etgra-

210 3053 326 3113 vitatem
345 3073 452 3112 morum
471 3052 760 3132 tranquillitatemque
778 3052 931 3138 sermonis.

253 3139 286 3197 5.
334 3139 435 3198 Petrus
453 3150 546 3198 autem
566 3139 670 3198 sensim
685 3136 904 3197 sermocinando
914 3138 1063 3209 incedens,
1085 3158 1194 3217 oppor-

210 3235 307 3282 tunum
325 3223 361 3284 ad
379 3222 597 3303 colloquendum
615 3225 755 3303 prospicit
773 3225 877 3282 locum.
923 3223 960 3285 lit
979 3223 1194 3302 curupervidis·

212 3319 258 3366 set
275 3310 352 3368 iuxta
370 3319 481 3387 portum
499 3327 645 3368 recessum
665 3307 804 3387 quendam
823 3319 978 3380 secretum,
998 3306 1131 3368 residere
1141 3328 1195 3367 uos

211 3393 294 3462 iecit,
314 3394 401 3451 etita
419 3395 524 3470 primus
543 3395 606 3471 ipse
616 3395 728 3472 incipit,
748 3413 803 3453 nec
813 3403 985 3452 contemtum
997 3394 1073 3453 senis
1083 3393 1193 3462 habuit,
1236 3407 1252 3436 ⁰

213 3495 306 3554 neque
325 3477 456 3555 despexit
475 3477 550 3556 quod
568 3478 632 3536 vilis
651 3480 679 3536 ei
698 3479 817 3538 amictus
835 3487 914 3538 essct
931 3490 962 3537 ct
980 3477 1123 3538 sordidus.
1144 3478 1196 3535 Ait

212 3580 300 3638 ergo:
322 3561 458 3635 Quoniam
478 3562 590 3642 quidem
609 3563 717 3623 rideris
735 3564 802 3622 niti
819 3566 864 3623 vir
882 3563 1011 3622 eruditus
1025 3563 1194 3623 csseetroi-

139 3675 143 3684 ⁴
211 3648 337 3706 sericors
356 3668 392 3708 ex
410 3668 446 3707 eo
465 3647 541 3727 quod
559 3648 642 3708 adisti
662 3671 726 3721 nos,
747 3660 778 3708 et
795 3647 870 3728 quod
888 3650 940 3707 tihi
958 3647 1192 3708 bonamvillelte-

166 3753 170 3765 ’
211 3743 258 3790 tur
275 3734 397 3792 celatum
415 3734 497 3792 nohis
516 3752 580 3792 esse
599 3736 732 3804 uoluisti,
752 3734 879 3792 volumus
906 3745 936 3792 et
963 3755 1015 3793 uos
1040 3734 1093 3792 tibi
1121 3751 1194 3812 quae

213 3818 295 3876 nohis
314 3818 389 3876 boue
406 3829 436 3876 et
453 3829 534 3877 reeta
553 3816 710 3877 creduntur
727 3837 886 3896 exponere,
907 3838 979 3896 quac
998 3819 1022 3878 si
1039 3818 1091 3876 tili
1101 3819 1193 3875 miuus
1259 3856 1262 3864 ·

211 3919 282 3961 uera
298 3901 479 3973 uidebuntur,
500 3902 586 3959 etiam
604 3912 633 3959 tu
654 3913 779 3961 uestrum
799 3921 869 3979 erga
887 3913 917 3961 te
934 3903 1038 3962 bouum
1057 3902 1192 3982 proposi-

396 4047 404 4080 l
