2634 4400
656 246 785 316 to?

180 483 251 523 xmus
269 461 341 542 apud
360 469 522 523 createrem
541 469 684 532 nostrum3
714 469 745 517 et
769 467 839 538 pato
857 454 932 537 quoti
951 476 989 517 ax
1006 458 1062 518 boo
1079 461 1172 536 magia

190 543 444 617 collaudabimus,
474 545 538 624 quia
565 543 649 603 iidem
673 562 818 602 servamus
837 544 963 601 creatori
982 555 1082 601 nostro
1101 543 1170 614 beo,

190 631 376 692 considerans
396 631 461 709 quia
479 631 504 688 si
522 630 564 688 sui
575 629 663 710 ipsius
673 629 835 699 fuissemus,
855 645 996 706 nunquan
1005 629 1172 707 relinquen·-

189 727 235 777 tos
261 717 351 799 insutu
379 714 478 775 aeduei
505 713 651 772 illecebris
678 713 868 790 potuissemus
894 712 1007 770 alienis.
1054 711 1130 770 Nam
1148 713 1180 770 si'

163 802 253 880 'quis
280 798 506 882 opulentioribus
532 798 645 856 illectus
672 795 945 877 pollicitationibus,
970 797 1076 854 relicto
1104 817 1173 874 pro·

189 887 253 968 prio
280 894 399 967 parente
427 882 576 959 confugiat
601 879 637 940 ati
655 881 789 952 alienum,
809 890 907 959 potest
924 879 999 951 lieri,
1019 881 1172 949 utiterum

189 971 361 1038 tollenono,
391 967 528 1026 aulalium
547 973 651 1044 pergat
669 967 716 1044 qui
732 966 843 1022 maiora
859 965 1036 1043 promiserit,
1057 984 1095 1022 eo
1112 984 1173 1022 rna·

160 1070 164 1084 ·
190 1053 235 1135 gis
254 1050 329 1132 quod
346 1053 434 1130 ipsius
451 1050 583 1132 proprius
601 1068 658 1109 non
678 1060 741 1108 erat
758 1049 853 1120 illius,
881 1049 985 1127 quippo
1011 1051 1058 1127 qui
1086 1051 1173 1107 etiam

190 1157 268 1208 eum,
288 1137 335 1218 qui
354 1137 381 1194 el
400 1146 499 1194 natura
517 1145 599 1213 pater
617 1144 692 1206 erat,
720 1133 885 1212 relinquere
911 1134 1014 1212 potnit.
1060 1133 1099 1191 lta
1126 1133 1174 1195 st-

190 1239 273 1280 ruunt
299 1217 371 1294 Quid
391 1221 415 1278 si
433 1220 469 1279 ab
488 1220 536 1278 illo
555 1229 621 1277 sunt
637 1219 761 1290 anianae,
786 1228 817 1277 ot
834 1219 969 1296 ignorant
986 1235 1062 1290 eura,
1083 1219 1173 1277 atille

191 1316 237 1365 eat
253 1321 322 1365 vere
340 1315 423 1384 pater
440 1305 581 1383 ipsarum?

232 1387 289 1452 60.
336 1388 373 1448 lit
391 1387 508 1448 Petrus:
542 1387 634 1458 Satis,
655 1388 757 1466 inquit,
777 1385 906 1453 ostendis
925 1405 988 1445 outn
1006 1385 1171 1445 invalidum.

190 1470 264 1535 Nam
283 1474 306 1532 si
325 1475 483 1554 potentior,
503 1483 534 1531 nt
548 1473 605 1543 nis,
626 1471 755 1531 omnibus
773 1482 829 1543 esu
850 1491 988 1549 nunquam
1015 1468 1174 1551 potentiori

191 1557 343 1620 invalidior
360 1558 451 1639 spolia
464 1559 493 1628 t)
517 1555 679 1615 detraxisse
702 1554 863 1615 eradendus
882 1566 941 1627 eat,
970 1567 1021 1614 aut
1038 1557 1062 1614 si
1080 1557 1175 1634 potuit

191 1643 219 1703 vi
237 1643 273 1702 ab
292 1661 328 1704 eo
347 1643 454 1701 animan
470 1639 618 1698 'deducere
637 1643 665 1698 in
684 1639 759 1699 buno
784 1639 917 1698 mundana
929 1689 931 1691 .
943 1651 1061 1698 creator
1087 1639 1172 1711 deus,

192 1723 335 1806 quomodo
354 1745 404 1787 eas
423 1731 547 1804 oorpore
566 1726 684 1784 emissas
702 1735 734 1783 et
750 1725 922 1803 captivitatis
942 1725 1063 1783 vinculis
1090 1743 1175 1783 reso·

192 1811 277 1880 lutus,
298 1809 389 1872 bonus
407 1807 478 1866 deus
496 1807 611 1870 vocabit
628 1807 664 1868 ad
682 1827 815 1887 poenam,
836 1826 909 1886 quae
931 1827 986 1886 per
1011 1809 1100 1887 ipsius
1127 1809 1174 1867 vel

192 1892 331 1956 desidiam
349 1893 397 1952 vol
413 1893 616 1964 infirmitatem,
637 1893 763 1952 abstrahi
781 1892 817 1950 ad
835 1893 1012 1950 bunoloeunn
1028 1893 1175 1950 etinvolvi

194 1995 319 2057 corpore
338 1979 418 2056 qtraai
435 1977 563 2037 tonebria
582 1977 763 2054 ignorantiae
780 1981 952 2055 potuerunt?
969 1976 1087 2035 Videris
1105 1977 1175 2034 mibi

193 2065 329 2142 ignorare
348 2061 416 2144 quii
432 2062 470 2120 sit
486 2073 570 2140 pater
588 2073 618 2120 et
636 2061 718 2133 deuo,
729 2081 826 2120 verona
846 2073 877 2119 et
894 2063 1005 2121 animae
1023 2061 1099 2120 undo
1117 2063 1176 2119 sint

163 2173 164 2182 ¹
192 2147 238 2210 vol
257 2145 370 2226 qnando
388 2157 418 2209 ot
435 2146 577 2226 quomonlo
604 2148 711 2219 iactae,
735 2165 854 2225 possem
882 2145 993 2217 dicere,
1022 2145 1074 2205 sed
1101 2146 1175 2205 baee

193 2251 268 2296 oona
295 2232 346 2289 tibi
373 2234 489 2316 aperire
516 2233 558 2293 las
585 2252 642 2293 uon
670 2242 730 2302 est,
758 2233 885 2289 intanto
904 2233 1118 2310 erroreposito
1137 2230 1175 2289 ‹le

192 2318 315 2377 scientia
333 2316 392 2379 dat.
437 2317 509 2381 ‘l'una
527 2316 641 2375 Simon:
667 2313 741 2387 Erit,
765 2317 870 2394 inquit,
900 2326 1085 2394 tempusquo
1101 2334 1175 2393 poe·

193 2402 295 2462 nitebit
313 2412 354 2470 te,
376 2400 450 2479 quod
469 2399 612 2459 dicentem
631 2420 675 2460 nte
693 2400 731 2460 de
749 2400 885 2459 ineffabili
903 2402 1008 2458 virtute
1022 2400 1176 2458 uonintel-

194 2486 312 2547 luxeris.
359 2485 396 2543 Et
422 2484 540 2543 Patron-z
570 2482 615 2541 lia
641 2499 714 2561 ergo
740 2484 835 2556 nobis,
864 2495 896 2543 nt
921 2503 1008 2565 saepe
1027 2486 1081 2543 iam
1101 2483 1172 2556 (lixi,

193 2581 325 2649 tauquam
352 2566 542 2630 novus-douo
566 2578 614 2626 aut
641 2569 687 2651 qui
715 2566 751 2628 ab
773 2569 823 2630 illo
838 2564 1038 2629 'deseendoria
1060 2587 1174 2627 sonsum

193 2655 315 2735 aliquem
335 2672 448 2723 novum,
476 2670 530 2735 por
556 2670 638 2731 quern
665 2671 767 2713 novum
786 2671 869 2731 quoru
888 2651 961 2711 diois
979 2652 1061 2711 deum
1080 2655 1175 2733 possi-

188 2736 254 2799 ¹titus
272 2754 451 2814 agnoscorea
471 2738 517 2795 isti
537 2738 610 2797 enim
630 2738 754 2819 quinque
772 2754 884 2808 seusun,
905 2757 976 2815 quos
994 2737 1076 2796 nobis
1095 2736 1176 2795 dedit

195 2832 312 2880 creator
330 2818 415 2891 deun,
444 2820 571 2879 creatori
589 2840 641 2879 auo
659 2820 744 2879 iidem
763 2832 888 2892 servant,
909 2841 964 2879 nee
982 2822 1066 2881 aliurn
1085 2840 1175 2899 quen·

195 2924 276 2985 qnam
304 2922 370 2964 esso
398 2905 522 2968 sentiunt
541 2902 643 2977 doum‚'
664 2906 720 2965 boo
739 2908 783 2967 eis
800 2907 862 2985 ipsa
880 2906 923 2964 aul
941 2917 1106 2985 praestanto
1124 2926 1174 2964 ua-

195 3000 268 3050 tura.
523 2998 524 3005 ’
905 3030 908 3037 ,

236 3071 292 3134 ssi.
339 3071 384 3131 Ad
403 3073 475 3134 baec
495 3072 610 3135 Simon:
634 3072 765 3145 Autoba
793 3074 899 3152 inquit,
928 3076 1048 3134 animuin
1076 3072 1111 3134 al
1139 3094 1176 3133 ea

195 3176 268 3238 quae
287 3157 413 3221 allaturus
432 3178 504 3229 aum,
526 3170 555 3218 et
573 3160 662 3218 facito
681 3178 744 3218 eum
762 3158 948 3218 invisibilibus
967 3160 1076 3218 semitis
1094 3160 1175 3217 luee-

195 3242 321 3313 dentem,
350 3244 503 3321 pervenire
530 3242 566 3301 acl
594 3262 628 3305 ea
646 3261 719 3320 quae
737 3241 789 3299 tibi
807 3241 1053 3305 demonstravero.
1098 3243 1175 3301 Aus-

195 3328 272 3384 culta
291 3343 363 3405 ergo
382 3347 471 3390 ιιιιιιιι
493 3326 681 3405 Nunquamne
699 3327 728 3382 in
746 3327 925 3402 rogitatione
943 3330 1054 3405 positus
1073 3337 1175 3388 exten·-

195 3408 262 3468 dlsti
288 3421 410 3470 mentam
438 3422 513 3473 tuann
541 3412 570 3469 in
596 3401 734 3487 regiones
752 3411 798 3468 vol
821 3403 928 3470 lunulas
944 3430 1041 3490 porro·
1052 3413 1172 3490 positas,

196 3504 226 3557 et
244 3496 283 3558 tta
301 3496 328 3559 io
348 3496 390 3559 els
409 3496 481 3559 fixus
499 3494 592 3559 animo
611 3495 750 3565 mansisti,
771 3503 802 3552 ut
819 3507 1042 3578 nopraesentes
1061 3494 1175 3580 quiden

195 3686 408 3699 n——u--u—-n

194 3781 258 3894 ΓΙ)
276 3782 489 3833 Detraxiasel.
507 3780 632 3848 Videris
650 3782 726 3831 inibi
751 3787 800 3833 ele.
817 3782 926 3841 Reliqua
943 3754 1036 3833 denunt
1053 3785 1080 3830 in
1103 3746 1185 3833 mm,

207 3860 277 3907 lapan.
576 3860 580 3869 ·
