2634 4400
592 281 644 353 'oo

515 387 729 398 *d*

129 499 215 558 etiam
235 499 312 575 ipsos
330 515 447 575 sperare
465 497 577 556 similias
625 493 752 556 Videsne
778 508 808 556 to
834 496 936 557 ducem
962 497 1112 577 perturba·

128 585 217 642 tionis
236 593 266 641 et
285 601 341 638 uon
359 583 450 660 pacis,
481 582 637 660 iniquitatis
664 592 695 640 et
721 601 778 639 non
796 584 948 660 aequitatis
966 585 1112 644 existcrcl

128 669 238 726 Verum
259 685 329 743 ego,
349 685 406 726 non
426 667 505 744 qnasi
525 667 572 743 qui
590 665 747 725 ostendere
765 684 822 724 uon
840 668 946 744 possim
968 668 1112 726 immorta-

129 753 186 810 lem
198 757 263 810 esee
274 751 406 821 unimam,
418 751 546 808 simulavi
556 749 743 821 iracundiam,
756 750 808 809 scd
817 753 958 810 misereor
967 753 1112 811 animabus

128 838 284 906 bominum,
307 845 423 914 questu
442 834 579 913 decipere
598 835 724 893 conaris.
771 835 870 894 Dicam
889 855 973 912 crgo,
993 829 1113 896 sednon

130 921 211 999 quasi
229 931 260 978 te
279 930 422 996 cogente3
443 921 505 978 scio
524 921 599 977 enim
618 919 761 997 quomodo
780 918 884 991 dicam,
905 931 936 978 et
957 921 1035 980 solus
1053 923 1112 979 eris

129 1004 233 1082 quide
254 1005 309 1062 boc
328 1023 384 1061 non
404 1015 460 1062 tnm
478 1005 666 1082 persuasione
684 1000 826 1082 indigens,
847 1016 928 1084 quam
956 1007 1112 1064 commoni-

128 1091 231 1161 tione3
261 1107 313 1146 eos
334 1098 428 1148 antem
455 1088 510 1146 boo
538 1090 585 1166 qui
610 1106 679 1147 vere
698 1088 841 1166 ignorant,
862 1089 975 1147 docebo
994 1101 1025 1147 ut
1043 1109 1113 1147 con-

127 1175 220 1232 venit.
678 1215 687 1226 .

172 1256 229 1315 45.
275 1256 344 1316 Tum
364 1255 478 1316 Simon:
500 1255 531 1315 Si
550 1259 697 1327 irasceris,
717 1258 819 1337 iuquit,
849 1277 906 1316 nnn
924 1259 1114 1337 interrogabo
1140 1247 1145 1254 ’

129 1361 186 1400 nee
205 1341 304 1400 audire
323 1343 401 1399 volo.
448 1341 485 1399 m
503 1341 621 1400 Petrus:
641 1342 684 1399 'l'u
694 1341 833 1420 siquidem
843 1363 918 1401 nunc
928 1345 1112 1401 occasionem

128 1427 247 1505 quaeris
266 1425 505 1503 subterfugiendi,
527 1425 614 1484 habes
634 1427 789 1496 licentiam,
811 1438 840 1485 et
867 1429 929 1485 sine
957 1428 1112 1486 occasione

131 1512 308 1588 cuiusquam.
356 1509 462 1569 Omnes
480 1511 555 1569 euim
573 1508 725 1569 audierunt
742 1521 771 1568 te
782 1511 1111 1583 nibilrectediceutem,

129 1614 187 1654 nec
206 1597 334 1673 potuisse
353 1594 459 1675 aliquid
478 1594 660 1666 confirmare,
681 1594 733 1654 scd
751 1594 789 1652 ob
807 1596 863 1654 boc
888 1605 996 1652 tantum
1022 1597 1113 1653 inter

129 1697 252 1756 rogasse
271 1686 302 1737 ut
320 1679 547 1750 contradiceres,
569 1677 644 1757 quod
663 1673 754 1758 quivis
772 1670 872 1738 lacere
886 1689 992 1757 potest
1039 1679 1113 1752 Quid

126 1766 208 1822 enim
227 1763 344 1822 difficile
364 1775 409 1822 est
426 1775 491 1843 post
509 1762 657 1822 evidentes
668 1764 848 1823 adsertiones
857 1763 1113 1842 respondere,

129 1849 170 1906 bil
189 1847 297 1906 dixisti.
332 1847 369 1906 Ut
392 1859 485 1906 antem
504 1849 579 1906 scias
597 1849 662 1926 quia
681 1867 796 1949 possum
819 1849 870 1907 tibi
895 1867 953 1906 uno
980 1867 1113 1907 sermone

130 1931 299 2003 ostendere,
321 1933 396 2010 quod
414 1933 579 1991 immortalis
597 1943 641 1992 est
659 1935 763 2004 anima,
784 1933 969 2011 interrogabo
992 1943 1023 1992 to
1047 1951 1113 1992 rec·

129 2018 197 2075 bum
216 2015 290 2095 qnod
309 2036 407 2076 omnes
426 2028 540 2089 norunt,
561 2017 705 2096 responde
723 2018 811 2089 mibi,
840 2029 871 2077 et
895 2037 953 2099 uno
980 2036 1113 2077 sermone

129 2101 319 2160 immortalem
339 2121 403 2164 esse
422 2060 628 2180 eomprdbabo
674 2103 747 2167 Τιιιιι
763 2095 874 2174 Simon,
895 2102 942 2181 qni
961 2122 1016 2160 mm
1026 2121 1114 2162 occu

131 2187 241 2246 sionem
268 2185 321 2245 sibi
348 2189 424 2246 visus
448 2188 574 2247 luerat
566 2187 710 2246 iuvenisse
739 2208 776 2246 ex
803 2187 951 2246 iracundia
978 2186 1056 2245 Petri
1082 2198 1115 2245 ut

130 2270 309 2343 discederet,
330 2272 437 2331 restitit
454 2292 507 2350 pro
527 2292 563 2330 co
581 2270 657 2350 quod
675 2272 775 2329 mirum
793 2274 822 2330 ei
840 2270 947 2349 aliquid
964 2273 1113 2348 promitte·

130 2356 227 2425 batur,
248 2367 278 2414 ct
296 2358 351 2415 ait:
373 2356 525 2433 luterrogc
543 2374 598 2427 me,
618 2366 650 2414 ut
666 2356 719 2413 tibl
737 2354 928 2433 respondeam
949 2354 1026 2432 prod
1054 2374 1113 2411 om·

132 2458 185 2497 nes
204 2451 318 2512 norunt,
340 2451 370 2499 et
386 2441 497 2499 audiam
516 2460 572 2499 uno
591 2449 623 2497 ut
639 2440 784 2518 pollicitus
800 2439 843 2497 'es
869 2456 1014 2510 sermone,-
1043 2458 1113 2517 quo

131 2523 217 2583 modo
236 2526 329 2583 anima
347 2527 512 2585 immortalis
530 2525 579 2583 sit.

173 2606 230 2667 tt.
276 2608 651 2669 numerumnunerum
677 2620 709 2667 ut
734 2628 804 2688 prae
832 2610 957 2668 cacteris
983 2567 1113 2666 omnibns
1178 2614 1181 2619 '

131 2693 184 2753 tibi
203 2695 293 2770 magis
311 2694 462 2773 probetur
506 2694 663 2773 Responde
681 2712 752 2772 orgo
772 2694 850 2765 milri,
873 2693 939 2771 quid
966 2704 1011 2752 est
1038 2690 1114 2771 qnod
1220 2727 1225 2733 -

131 2778 309 2837 incredulum
328 2778 419 2856 magis
437 2778 559 2839 suadere
578 2788 685 2858 potest,
705 2781 782 2838 visus
801 2798 836 2837 an
855 2778 985 2836 auditus?
1011 2777 1049 2835 llt
1068 2777 1114 2835 Si·

131 2882 214 2920 mou:
235 2862 332 2921 Visus.
378 2864 447 2923 Tum
467 2863 583 2923 Petrus:
613 2864 762 2937 Quomodo
790 2884 862 2941 ergo
888 2883 906 2921 a
932 2882 977 2921 me
994 2863 1038 2920 vis
1056 2860 1114 2921 dis·

132 2965 203 3005 cere
221 2947 323 3017 verbo,
345 2946 421 3024 qnod
438 2949 489 3006 tibi
508 2967 540 3006 rc
560 2950 620 3026 ipsa
638 2949 777 3026 probatur
793 2961 824 3007 et
840 2950 922 3006 visui
940 2947 978 3005 Et
996 2946 1111 3004 Simon:

131 3030 254 3099 Nescio,
275 3031 375 3107 inquit,
394 3032 537 3107 quomodo
553 3032 643 3099 dicas,
669 3030 706 3090 Et
716 3032 834 3091 Petrusc
854 3030 886 3090 Si
895 3032 1002 3100 nescis,
1022 3048 1113 3107 pergo

131 3134 208 3175 nuuc
227 3115 255 3171 in
276 3112 386 3173 domum
404 3124 492 3184 tuam,
514 3124 543 3172 ct
560 3115 708 3191 ingressus
725 3115 846 3174 interius
865 3114 1023 3171 cubiculum
1034 3111 1113 3170 vide·

131 3201 176 3259 bis
195 3198 347 3275 imaginem
365 3199 497 3276 positam,
519 3200 714 3257 coutinentem
740 3200 822 3276 pueri
848 3198 992 3255 violenter
1016 3196 1113 3254 necati

131 3285 260 3361 effigiem
278 3301 403 3361 purpura
423 3292 600 3361 coopertam,
620 3284 711 3360 ipsum
730 3284 889 3359 interroga,
910 3292 940 3340 et
958 3280 1113 3339 docebitto

131 3370 179 3427 vel
197 3368 386 3445 responsione
404 3368 450 3426 vcl
467 3369 540 3426 v-isu.
588 3365 663 3440 Quid
689 3369 765 3425 enim
791 3386 862 3445 opus
888 3377 933 3425 est
959 3364 1060 3425 audire
1076 3365 1113 3423 ab

133 3472 171 3511 eo
191 3454 215 3511 si
238 3452 403 3511 immortalis
422 3454 459 3511 sit
476 3451 579 3521 anima,
602 3471 665 3509 cum
683 3452 799 3511 adstare
822 3470 888 3510 eam
910 3450 1010 3510 videas
1028 3468 1113 3529 prae·

134 3541 263 3595 sentem?
283 3536 315 3595 Si
334 3534 409 3595 enim
428 3557 483 3595 uon
503 3547 592 3607 esset,
613 3555 668 3594 uec
678 3536 769 3594 videri
779 3538 875 3614 utiquc
884 3546 1009 3615 poterat.
1031 3533 1114 3607 Quod

134 3622 159 3678 si
178 3622 273 3679 nescis
300 3640 380 3699 quam
400 3621 466 3680 dico
493 3623 659 3698 imaginem,
690 3621 755 3678 bine
783 3640 800 3679 e
826 3622 949 3697 vestigio
969 3639 1032 3679 cum
1051 3619 1113 3676 aliis
1216 3675 1220 3680 ,

134 3704 332 3776 decemviris,
353 3726 391 3765 ex
407 3704 451 3765 bis
469 3707 515 3785 qui
525 3715 705 3783 »praesentes
722 3714 797 3777 sunt,
818 3724 914 3764 eamus
936 3703 973 3770 nd
1001 3701 1113 3762 domum

134 3800 221 3847 tunm.

177 3871 231 3933 45.
278 3872 318 3933 At
336 3874 433 3935 Simon
451 3876 524 3935 baec
543 3875 663 3939 audiens
684 3888 716 3936 ct
742 3876 921 4017 couseieptin
946 3891 1110 3955 percussas,
1179 3956 1186 3965 .

850 4110 881 4170 Q
