2634 4400
667 226 806 337 ιιι,

207 435 416 498 transcendens
434 454 549 517 semper
567 437 660 514 possis
679 435 841 513 requirere,
862 452 915 493 cnr
931 435 1195 494 nonetantcboei

208 522 267 583 Sed
288 522 369 581 nobis
388 540 462 580 nunc
479 540 576 580 sermo
595 540 652 579 non
672 519 754 579 deco
770 530 824 593 est,
845 525 914 595 {cnr
930 540 988 578 non
1007 522 1044 579 sit
1052 532 1120 579 anto
1130 522 1195 579 lac-

206 620 252 668 tus
271 626 352 688 quam
372 609 465 667 factus
484 612 555 681 est,]
580 606 632 665 sed
651 608 675 665 si
694 606 809 664 omnino
835 606 929 674 iactus
947 612 1008 665 est.
1056 606 1088 663 Si
1115 608 1194 665 enim

207 694 312 753 facturn
332 704 460 763 constat,
490 694 656 751 necessario
675 692 800 770 potentis
819 702 849 750 et
867 692 966 749 summi
984 691 1103 750 artificis
1122 712 1195 770 opus

207 790 267 851 est,
289 773 363 857 qnod
382 780 406 837 si
425 788 547 849 constat,
569 776 681 855 quando
699 779 880 843 eurnlaccre
898 777 1034 847 voluerit,
1054 777 1195 855 sapientis

207 864 327 924 artificis
346 863 465 922 arbitrio
485 862 648 943 indicioque
668 861 884 940 relinquendum
907 873 963 921 est.
1011 861 1074 921 Nisi
1092 862 1195 921 videa-

208 961 254 1008 tur
280 949 332 1007 tibi
360 950 450 1007 omnis
478 948 550 1006 baec
577 949 729 1027 sapientia,
761 958 909 1025 quantam
928 948 1077 1006 immanem
1095 945 1195 1005 mundi

207 1035 363 1093 machinam
391 1034 510 1103 strnnit,
530 1044 560 1090 et
583 1034 704 1109 singulis
731 1032 888 1112 quibusque
914 1032 1001 1090 rebus
1027 1034 1135 1091 formas
1163 1043 1196 1091 et

207 1121 321 1197 species
340 1117 430 1188 dedit,
452 1137 568 1196 quarum
587 1117 713 1175 habitum
732 1136 788 1175 non
804 1117 904 1176 decori
915 1118 1004 1176 solnm
1016 1119 1195 1177 convenien-

206 1215 276 1275 tem,
297 1202 349 1261 sed
368 1213 398 1262 ot
415 1204 518 1261 futuris
536 1202 632 1261 usibus
650 1204 824 1281 aptissimum
844 1214 874 1261 et
892 1204 1086 1261 necessarium
1100 1223 1195 1281 pone·

201 1298 263 1359 not,
285 1288 339 1347 boc
359 1306 419 1347 earn
439 1289 528 1346 solum
547 1289 666 1365 fugerit,
687 1306 743 1366 quo
761 1276 1005 1366 tammagnidicae
1019 1287 1195 1347 conditionis

207 1384 397 1453 opportunum
424 1384 536 1452 tempus
562 1372 735 1432 adsumeret.
790 1372 843 1431 Est
867 1372 942 1452 apud
963 1374 1040 1432 illum
1056 1374 1194 1452 proiecto

208 1460 395 1531 contemtio,
416 1470 481 1517 sunt
499 1456 648 1518 evidentes
667 1476 802 1530 caussae,
824 1478 876 1517 cor
894 1470 924 1517 et
942 1457 1055 1537 qnando
1075 1469 1104 1517 et
1123 1478 1195 1537 quar

208 1545 275 1604 liter
293 1545 398 1603 lecerit
416 1543 559 1615 mundum,
581 1564 649 1623 quas
660 1544 829 1613 bominibus,
850 1542 1194 1621 quibosbaeeqnaeante

208 1630 310 1689 oculos
330 1631 425 1710 posita
443 1640 508 1688 sunt
526 1640 556 1687 et
574 1624 610 1688 de
630 1631 691 1688 eius
709 1627 889 1708 providentia
896 1634 1118 1701 contestantur,
1146 1629 1195 1686 in·

208 1716 323 1795 quirere
343 1726 372 1773 et
390 1715 554 1792 intelligere
573 1716 685 1793 pigrum
704 1716 767 1785 luit,
788 1715 896 1793 aperiri
914 1715 1011 1791 ntique
1030 1732 1087 1772 non
1104 1733 1195 1793 opor-

208 1802 277 1872 tuit3
299 1818 371 1877 quoe
388 1802 462 1859 enim
481 1801 509 1857 in
528 1800 643 1858 occulto
663 1799 805 1858 babentor
822 1810 853 1858 ct
870 1800 944 1857 intra
957 1800 1115 1876 sapientiae
1125 1818 1194 1858 scn-

208 1902 267 1954 sus,
286 1886 365 1943 velut
382 1886 457 1943 intra
475 1886 574 1961 regios
592 1884 743 1944 thesauros
761 1884 910 1943 recondita
929 1894 1005 1955 sunt,
1026 1884 1130 1942 nemini
1140 1904 1195 1962 pa·

208 1980 281 2040 tent,
302 1970 356 2027 nisi
374 1968 418 2026 his
437 1971 483 2047 qui
501 1969 537 2027 ab
556 1970 604 2026 illo
624 1968 789 2041 didicerint,
803 1968 884 2047 apud
903 1988 986 2047 quem
1003 1970 1194 2047 signatasunt

208 2054 280 2113 baec
300 2063 329 2111 ot
347 2054 485 2131 reposita.
514 2051 593 2111 Deus
612 2072 685 2131 ergo
701 2065 746 2113 est
764 2057 810 2133 qni
829 2056 901 2113 fecit
919 2054 1025 2124 omnia,
1046 2056 1155 2132 etipse
1175 2075 1195 2114 a

208 2139 321 2199 nemine
340 2140 432 2198 faetus
451 2149 506 2198 est.
554 2138 607 2213 Qui
626 2150 720 2199 autem
739 2150 866 2199 naturam
884 2154 938 2218 pro
956 2138 1012 2198 deo
1031 2140 1191 2213 nominant,
1216 2164 1223 2171 ·

208 2237 238 2286 et
256 2245 308 2304 per
326 2235 452 2284 naturam
471 2226 549 2284 lacta
568 2243 632 2284 osse
652 2237 756 2284 cuncta
774 2236 925 2294 testantur,
945 2224 1016 2284 latet
1031 2226 1193 2304 eosappel·

207 2312 322 2374 lationis
341 2329 410 2370 suae
429 2329 527 2370 ennon·
572 2309 604 2369 Si
623 2313 698 2369 eninr
708 2322 834 2387 naturam
845 2305 1068 2369 irrationabilem
1079 2321 1190 2389 putant,

208 2397 401 2456 stultissimum
420 2407 476 2469 est,
497 2396 696 2455 rationabilem
714 2397 852 2455 lactucam
871 2395 907 2454 ab
925 2395 1114 2454 irrationabili
1129 2397 1195 2454 lae·

202 2493 272 2540 tore
292 2480 443 2560 progredi.
491 2480 522 2539 Si
540 2499 610 2540 vcro
630 2483 706 2540 ratio
724 2492 780 2551 est,
800 2479 831 2539 id
849 2490 894 2539 est
912 2481 1007 2560 logos,
1036 2500 1091 2560 pen
1109 2501 1193 2559 qnam

207 2567 286 2626 lacta
313 2577 426 2626 constat
443 2567 588 2638 universa,
609 2568 754 2646 superllno
773 2583 875 2625 nomen
894 2567 1058 2637 immutant,
1087 2565 1193 2624 ubide

202 2651 367 2710 *conditoris
385 2652 498 2710 rationo
517 2651 706 2730 profitentur..
733 2651 781 2710 Ad
802 2651 876 2710 baec
894 2651 918 2708 si
938 2646 1005 2731 quid
1022 2650 1122 2722 babes,
1141 2669 1195 2729 pa·

207 2746 264 2806 ter,
286 2743 475 2814 prosequere.

249 2819 307 2878 55.
355 2820 434 2878 llaec
455 2839 517 2877 cum
536 2818 643 2879 Niceta
662 2819 795 2891 dixisset,
816 2839 907 2880 senex
915 2823 957 2879 ita
965 2819 1130 2900 respondit:
1149 2821 1193 2880 'l'u

209 2902 406 2984 quidempbli,
426 2896 584 2982 prudenter
602 2916 632 2964 et
649 2905 767 2963 fortiter
779 2917 972 2985 prosequutus
982 2925 1025 2978 cs,
1045 2904 1194 2964 intantum

207 3001 239 3048 ut
256 2989 356 3048 melius
375 2987 433 3048 dici
451 3009 536 3068 posse
556 2987 592 3048 dc
611 2989 792 3068 providentia
810 3011 866 3049 non
884 3000 991 3069 putem.
1038 2989 1098 3050 Sed
1121 3011 1194 3069 quo·

208 3077 283 3136 niam
301 3075 373 3134 bora
391 3075 445 3133 iam
464 3076 551 3134 multa
569 3086 625 3148 est,
646 3077 775 3134 crastino
789 3075 833 3134 'ad
851 3076 924 3134 baec
940 3082 1015 3154 'qnae
1033 3093 1193 3154 prosequu-

208 3171 253 3222 tus
272 3179 315 3232 es,
336 3159 514 3240 respondere
532 3161 627 3239 aliqua
644 3160 723 3232 volo,
744 3158 780 3219 de
799 3161 900 3240 quibus
917 3161 943 3218 sl
960 3161 1028 3219 mibi
1039 3161 1193 3220 satisfece-

207 3248 248 3306 ris
266 3247 380 3324 gratiac
397 3263 443 3304 mc
462 3246 558 3304 latoor
576 3243 748 3309 debitorem.
791 3245 830 3302 Et
847 3245 918 3303 bisa
932 3265 1002 3304 sene
1013 3244 1109 3316 dictis,
1129 3263 1194 3304 snr-

207 3333 285 3390 renit
302 3329 415 3389 Petrus.
462 3329 582 3403 Quidam
595 3349 676 3389 >vero
703 3349 741 3389 ex
766 3328 944 3388 adstantibus
970 3329 1193 3388 Laodicensium

207 3416 314 3496 primus
345 3413 467 3490 rogabat
493 3413 608 3473 Petrum
635 3425 666 3472 et
692 3421 761 3485 nos,
780 3425 812 3472 ut
829 3413 907 3474 senis
924 3413 1098 3473 indumenta.
1117 3433 1193 3492 quac

208 3497 333 3558 babebat
351 3494 471 3580 sordida
484 3509 515 3556 et
532 3499 623 3557 scissa
640 3510 780 3572 mutaret3
802 3519 883 3578 qnam
903 3499 1005 3575 Petrus
1023 3510 1053 3558 et
1071 3517 1194 3558 nosem-

207 3583 296 3663 ploxi,
317 3592 347 3640 et
366 3581 560 3642 collaudantes
577 3603 630 3664 pro
647 3584 772 3642 boncma
789 3595 819 3642 et
837 3585 944 3662 optima
961 3585 1109 3643 voluntate
1123 3599 1191 3654 sna,

181 3683 185 3703 ⁴
206 3668 390 3728 dicebamus:
412 3667 483 3740 Quia
501 3687 556 3728 nec
575 3689 627 3728 nos
645 3670 686 3726 ita
703 3669 873 3748 insipientes
889 3687 984 3727 snmus
1002 3679 1034 3728 et
1050 3668 1140 3746 impii,
1161 3679 1194 3749 ut

207 3755 254 3812 cni
272 3764 328 3811 tarn
345 3753 481 3833 'preciosa
497 3753 586 3813 verba
604 3752 815 3825 concredimus,
835 3772 893 3812 non
906 3753 1096 3830 multomagis
1106 3754 1193 3812 eliam

207 3837 280 3896 baee
299 3855 371 3914 quae
390 3836 427 3895 ad
444 3839 511 3897 us'ns
530 3855 691 3916 corporeos
712 3848 782 3896 sunt
803 3839 971 3898 necessaria
987 3835 1189 3918 praebeamus,
