2634 4400
140 483 250 556 sedem,
280 487 309 542 11
329 503 382 562 qna
409 485 486 544 solus
504 486 532 542 in
551 495 700 545 aeternnm
718 485 828 546 residet
846 488 998 548 inellabilis
1016 499 1120 568 pater,

139 569 176 628 ad
204 571 278 628 illius
297 588 367 627 uero
387 570 462 628 coeli
481 569 693 629 similitudinem
711 573 817 630 laetum
842 592 908 632 esse
935 575 1021 632 etiam
1048 573 1124 632 istud

140 654 254 712 risibile
272 655 400 725 eoelum,
422 653 497 732 quod
525 666 554 714 et
576 658 758 718 transiturum
786 650 985 717 confirmabas.
1033 658 1124 718 Unum

141 759 214 816 ergo
242 737 339 796 dixisti
366 757 432 797 esse
459 749 568 817 patrem
598 743 733 810 omnium,
762 743 828 819 qnia
846 761 903 799 non
929 753 1050 821 possunt
1067 741 1124 800 duo

141 843 207 882 esse
226 823 367 894 immensi,
387 825 492 902 alioqui
511 835 615 884 neuter
633 845 733 886 eorum
752 826 903 887 immensus
923 828 989 898 erit,
1011 828 1077 905 quia
1095 829 1124 884 iu

140 928 177 968 eo
206 927 261 986 quo
280 909 627 992 alterlsubsistitpalteri
656 911 740 969 linem
766 911 941 973 subsistendi
963 911 1044 970 lacit.
1092 911 1124 970 Si

141 1013 215 1070 ergo
242 993 314 1051 baec
341 1013 397 1050 non
425 1003 533 1052 tantum
561 995 724 1072 polliceris,
745 993 798 1054 sed
816 1005 847 1055 et
864 995 1124 1075 ostendere'potes

140 1097 179 1137 ex
198 1079 276 1154 lege,
298 1079 431 1139 omittens
449 1079 531 1156 plura
549 1080 626 1158 loqui
645 1081 711 1142 binc
731 1081 838 1159 incipe.
885 1080 1057 1140 usmarus:
1091 1080 1125 1139 Si

140 1173 319 1242 propterte,
339 1164 443 1240 inquit,
463 1165 510 1241 qui
529 1163 566 1221 ad
584 1164 838 1226 contradicendum
856 1164 1050 1224 tantummodo
1073 1183 1125 1224 ve·

141 1250 198 1320 nis,
218 1266 341 1323 rogarer
359 1239 394 1306 de
414 1247 457 1306 bis
477 1247 588 1320 dicere,
607 1245 748 1328 ,nunquam
767 1269 838 1309 ame
853 1270 936 1310 unum
946 1251 1047 1312 saltem
1057 1270 1125 1328 pos·

141 1352 189 1392 ses
208 1331 307 1390 audire
326 1349 504 1410 sermonem,
526 1332 577 1391 sed
597 1336 729 1412 quoniam
749 1341 871 1393 necesse
889 1345 935 1393 est
952 1335 1122 1411 agricolam,

141 1417 264 1496 quivult
281 1417 384 1475 bonam
402 1427 509 1476 terram
528 1419 683 1490 seminare,
711 1420 846 1478 nonnulla
872 1419 981 1478 semina
998 1412 1124 1496 perdere

141 1503 236 1560 autin
255 1504 393 1580 petrosis,
414 1513 462 1560 aut
480 1504 509 1560 in
527 1496 585 1573 bis,¹
604 1522 678 1582 qnae
699 1503 735 1562 ab
753 1502 913 1562 bominibus
927 1501 1142 1571 crinculcauda¹

141 1597 218 1658 sunt,
238 1587 284 1645 rel
304 1588 331 1644 in
351 1586 475 1646 dumosis
493 1607 527 1646 ae
547 1588 666 1666 repletis
684 1587 812 1649 sentibus
831 1588 916 1658 locis,
936 1589 1012 1648 sicut
1025 1598 1056 1645 et
1065 1607 1124 1644 ma·
1221 1623 1230 1641 .

143 1673 235 1749 gister
253 1681 352 1730 noster
370 1673 503 1750 exposuit
520 1671 715 1732 diversitatem
743 1673 885 1751 propositi
903 1672 1124 1750 uniuscuiusque

141 1757 253 1814 animae
272 1777 327 1835 per
344 1756 416 1818 haec
435 1755 576 1828 indicans,
597 1778 654 1815 nou
673 1757 818 1816 niorabor.
870 1815 877 1824 ,

186 1839 240 1900 15.
286 1841 355 1899 Tum
375 1839 489 1899 Simone
506 1840 626 1908 ,Videris
644 1843 724 1914 mibi,
744 1843 845 1922 inquit,
875 1843 978 1915 irasci,
1008 1840 1125 1920 quodsi

142 1937 199 1996 est,
227 1947 286 1984 non
313 1945 435 1986 necesse
458 1936 503 1984 est
520 1927 593 1985 inire
612 1928 789 1998 conflictum.
836 1927 874 1985 llt
891 1927 1009 1987 Petrus:
1031 1926 1125 1986 Video

141 2023 172 2070 te
191 2011 299 2070 sentire
327 2009 403 2088 quod
429 2010 592 2087 arguendus
609 2012 665 2083 sis,
686 2023 717 2071 et
733 2013 776 2071 vis
794 2013 903 2071 urbane
920 2013 1124 2088 subterfugere

143 2106 306 2167 certamem
328 2115 391 2153 nam
410 2094 476 2172 quid
495 2093 589 2156 vidisti
608 2116 652 2156 me
671 2097 773 2157 iratum
792 2098 899 2159 iecisse
926 2098 955 2162 iu
982 2108 1011 2156 te
1033 2096 1125 2154 111111-
1196 2118 1201 2126 ·

141 2200 208 2241 nem
226 2190 332 2241 tantum
352 2181 485 2259 populum
504 2179 641 2259 decipere
661 2182 835 2260 cupientem,
857 2192 887 2240 et
905 2203 967 2241 cnm
986 2181 1054 2241 nihil
1073 2180 1125 2239 ba·

141 2266 212 2325 beas
231 2260 305 2344 quod
325 2262 414 2337 dieas,
435 2264 601 2330 modestiam
620 2267 818 2325 simulantem?
840 2267 887 2343 qul
906 2276 936 2324 et
953 2267 1125 2325 auctoritate

142 2362 192 2409 tun
209 2350 307 2421 iubae,
337 2361 367 2409 ut
394 2348 535 2428 quomodo
554 2351 616 2427 ipse
635 2352 678 2413 vis
698 2355 728 2409 et
746 2371 803 2412 aon
821 2350 962 2429 quomodo
982 2348 1053 2413 ordo
1072 2369 1125 2427 po-

141 2436 239 2506 stulat,
261 2435 457 2493 controversia
478 2446 637 2497 moveatur.
683 2434 721 2492 Et
743 2432 858 2492 Simon:
888 2433 1038 2512 lmperabo
1058 2434 1125 2491 mibi
1189 2452 1192 2456 ’
1228 2439 1232 2449 “

142 2522 198 2598 ipsi
217 2521 355 2599 patientia
373 2522 414 2577 uti
433 2518 468 2577 ad
488 2520 656 2597 imperitiam
676 2528 763 2590 tuam,
792 2530 824 2577 ut
850 2518 998 2582 ostendam
1015 2529 1045 2577 te
1064 2519 1125 2595 qui-

143 2604 208 2663 dem
226 2605 299 2664 velle
318 2606 451 2685 populum
470 2604 623 2674 seducere,
643 2624 690 2666 me
716 2614 811 2666 autem
839 2603 947 2663 docere
966 2622 1039 2683 quae
1057 2623 1126 2661 vera

142 2700 219 2749 sunt.
267 2688 326 2749 Sed
345 2709 419 2747 nunc
439 2690 538 2749 omitto
558 2688 593 2747 de
612 2690 752 2748 immensa
767 2690 833 2747 luce
852 2688 1020 2759 discutere,
1050 2686 1126 2765 quod

142 2776 293 2851 interrogo
311 2786 352 2845 te,
373 2775 428 2833 boc
447 2775 513 2837 mibi
532 2772 692 2853 respondet
713 2773 782 2832 Cum
802 2772 872 2833 deus
889 2774 995 2832 lecerit
1012 2773 1126 2848 univer·

142 2880 186 2929 sa,
207 2870 238 2917 ut
256 2870 286 2917 tu
305 2858 388 2931 dicis,
409 2858 483 2917 unde
503 2870 547 2917 est
565 2860 686 2921 malum?
705 2858 742 2920 Et
760 2857 877 2920 Petrus:
899 2858 961 2923 lloc
980 2856 1064 2918 mado
1083 2858 1127 2922 in·

142 2954 296 3021 terrogare
315 2964 371 3003 non
392 2954 435 3001 est
453 2943 641 3015 adversantis,
663 2942 716 3006 sed
734 2941 882 3005 discentis.
930 2942 962 3000 si
989 2962 1062 3019 ergo
1084 2942 1126 2998 vis

143 3027 270 3097 discere,
300 3028 451 3097 confitere,
482 3039 511 3085 et
538 3029 616 3105 prius
644 3038 673 3085 te
701 3026 821 3091 doceare
849 3025 990 3104 quomodo
1019 3024 1127 3084 debeas

142 3112 270 3181 discere,
293 3122 402 3168 etcum
423 3110 558 3169 didiceris
576 3110 689 3181 andire,
711 3122 776 3168 tunc
795 3113 849 3168 iam
868 3122 898 3170 te
912 3110 1045 3187 incipiam
1057 3129 1127 3172 eon-

131 3202 299 3275 'sequenter
316 3195 436 3257 docere.
484 3196 514 3259 st
534 3216 602 3259 rero
622 3216 678 3259 non
697 3197 739 3259 vis
758 3194 872 3257 discere
890 3206 1020 3273 tanquam
1031 3195 1127 3251 sciens

144 3284 247 3354 onrrrin,
272 3300 328 3357 ego
347 3281 425 3359 prius
445 3300 558 3357 eppone
578 3279 660 3338 lidem
681 3300 761 3357 quam
781 3279 936 3358 praedico,
965 3296 1078 3357 erpone
1097 3289 1128 3341 ct

142 3379 173 3425 tu
185 3365 267 3444 *quod
287 3366 338 3423 tibi
356 3386 452 3424 verum
472 3364 595 3436 videtur,
616 3376 727 3425 etcum
746 3366 896 3428 manifesta
917 3365 1005 3428 luerit
1022 3363 1141 3429 11111111--

144 3472 199 3529 que
218 3452 374 3530 professio,
394 3449 537 3513 iudicetur
555 3450 590 3509 ab
609 3448 787 3508 auditoribus
805 3450 885 3507 errius
895 3460 1020 3512 nostrum
1031 3468 1126 3506 sermo
1160 3446 1162 3450 ’

143 3538 181 3594 sit
198 3538 320 3594 ueritate
340 3536 485 3594 subnixus.
532 3534 569 3592 llt
588 3534 686 3593 Simon
705 3532 740 3592 ad
760 3534 831 3593 bace
849 3532 1014 3613 respondit:
1044 3532 1127 3590 Risus

143 3620 211 3679 mibi
231 3632 286 3692 est,
308 3639 379 3680 ecce
398 3621 455 3697 qui
464 3620 603 3697 promittit
622 3618 696 3697 quod
715 3638 760 3677 me
770 3618 885 3677 doceat.
932 3618 1126 3676 Veruntamen

144 3706 239 3783 patiar
265 3715 294 3763 te
322 3716 352 3763 ct
387 3706 556 3782 imperitiam
584 3714 659 3763 tuam
682 3705 772 3782 'atque
799 3702 993 3779 arrogantiam
1021 3701 1123 3764 feram.
1177 3732 1182 3741 ·

145 3790 314 3861 Confiteor,
352 3788 466 3849 discere
493 3790 569 3860 volo,
598 3788 744 3848 videamus
771 3786 914 3865 quomodo
939 3804 985 3843 me
1016 3784 1126 3863 poteris

146 3872 264 3933 docere.
1039 3889 1042 3892 ·
