2634 4400
206 496 278 556 qnos
296 475 424 535 homines
441 482 569 534 mortuos
586 473 676 533 foisse
702 490 760 531 non
785 470 927 531 dnhitaat.
973 470 1056 531 llnde
1082 492 1187 545 eonse-

207 580 297 641 quene
315 571 361 619 eat
378 560 463 619 etiam
482 560 595 637 priores
614 558 698 617 simili
711 576 814 618 errore
823 559 985 637 prolapsos,
1004 560 1124 617 mortuis
1134 560 1187 618 ho-

204 646 338 717 minibus,
358 646 405 723 qui
423 646 499 703 lorte
517 645 671 727 potentiae,
682 642 789 721 aliquid
798 644 844 702 rel
852 643 923 701 artis
935 642 1106 715 habuerant,
1125 665 1186 703 rna-

205 734 338 811 ximeque
357 732 381 791 si
418 730 555 788 hantasiis
573 730 693 806 magieis
710 729 739 786 in
757 740 903 807 stuporem
920 726 1041 789 stolidos
1057 730 1187 789 homines

206 817 396 888 adduxerant,
417 816 555 875 honorem
574 815 730 873 contulisse
748 814 883 873 diriumo.

249 901 307 963 26.
354 900 412 959 lam
430 902 495 959 hine
514 898 638 959 additum
657 910 713 969 est,
742 910 773 960 ut
790 910 820 958 et
836 910 942 977 poetae
959 900 1105 977 elegantia
1120 919 1189 961 ver·

205 989 306 1049 torum
325 997 484 1045 commenta
503 986 611 1044 erroris
630 995 780 1056 ornarent,
800 995 831 1043 et
847 988 988 1045 suauitate
1006 984 1122 1047 dicendi
1135 987 1188 1044 im·

206 1073 344 1133 mortales
361 1072 484 1143 effectos
502 1090 567 1129 esse
587 1090 624 1127 en
641 1069 808 1128 mortalibus
826 1068 1052 1148 persuaderent3
1080 1072 1138 1139 imo
1156 1083 1188 1129 et

205 1155 459 1235 ampliusaliquid,
480 1175 517 1213 ex
535 1154 695 1213 hominihus
711 1156 792 1214 aiunt
808 1156 907 1214 stellas
915 1156 992 1227 lieri,
1012 1156 1185 1227 authores,

206 1255 238 1303 et
253 1240 397 1311 animalia,
417 1253 447 1299 et
465 1243 564 1311 llores,
585 1251 615 1297 et
632 1260 714 1313 aves,
733 1241 886 1318 sontesque
907 1260 942 1299 ae
960 1242 1077 1311 lovios,
1106 1253 1136 1299 et
1157 1242 1187 1298 ni

204 1327 366 1387 verbositas
383 1324 542 1395 rideretur,
563 1344 662 1383 omnes
679 1344 773 1402 paene
791 1326 910 1395 stollas,
926 1346 995 1403 quas
1013 1345 1050 1383 ex
1066 1326 1188 1385 homini-

205 1413 259 1473 hus
281 1412 400 1471 effectas
418 1410 564 1480 adserunt,
585 1430 756 1482 enumerare
774 1412 819 1469 uel
837 1411 958 1469 arbores
976 1412 1021 1469 vel
1039 1412 1135 1469 tontes
1152 1431 1187 1469 ae

207 1494 306 1559 llnvios
325 1516 454 1577 pos-sem
476 1497 599 1574 exempli
617 1507 712 1555 tamen
730 1515 831 1554 caussa
848 1496 962 1572 singola
974 1497 1122 1555 saltemex
1129 1498 1190 1555 sin-

207 1586 282 1664 gulis
304 1582 480 1641 memoralia.
526 1580 739 1639 Andromedam
767 1580 877 1659 Cephei
904 1583 932 1639 in
959 1581 1071 1639 stellam
1090 1580 1189 1639 dieunt

208 1688 272 1731 esse
293 1687 471 1737 conversam,
493 1665 631 1743 Daphnen
651 1665 777 1724 Ladonis
794 1667 872 1724 llnrii
890 1667 976 1725 liliam
998 1667 1028 1724 in
1053 1666 1187 1730 arborem

208 1764 417 1825 commutatam,
440 1752 627 1831 Hyacinthum
645 1753 791 1829 Apollinis
807 1750 1102 1822 dileetuminllorem‚
1122 1751 1189 1811 cat-

206 1841 272 1899 listo
291 1840 318 1897 in
338 1837 414 1897 sidus
433 1836 509 1916 quod
526 1848 626 1897 areton
645 1848 765 1909 vocant,
786 1836 920 1913 Prognen
947 1847 978 1895 et
1003 1835 1186 1897 Philomelam

208 1944 270 1983 oum
288 1923 383 1981 Tereo
402 1924 429 1981 in
448 1942 527 1993 aves,
546 1922 681 2000 Thysheo
700 1920 775 2000 apud
793 1921 922 1981 Ciliciam
949 1922 978 1980 io
1003 1920 1129 1992 iontem,
1158 1933 1188 1981 et

207 2010 356 2087 Pyramum
375 2006 444 2065 inihi
470 2009 500 2065 in
526 2008 639 2065 fluvium
666 2008 826 2079 resolutos,
855 2024 1011 2083 omnesque
1037 2026 1131 2084 paene
1156 2017 1188 2065 ut

89 2076 105 2165 ¹,
130 2114 136 2122 ·
207 2093 277 2163 dixi,
307 2093 352 2151 vel
370 2092 480 2162 stellas,
505 2092 550 2150 vel
577 2091 711 2163 arbores,
731 2092 882 2169 lontesque
900 2111 936 2151 ae
953 2093 1065 2161 fluvios,
1085 2095 1187 2151 liores·

207 2199 261 2259 que
290 2188 320 2238 et
338 2177 480 2249 animalia,
510 2176 554 2237 vol
583 2196 663 2250 anes,
692 2175 844 2256 aliqnando
862 2177 992 2237 homines
1009 2177 1099 2237 lauisse
1116 2196 1186 2238 oon·

205 2255 330 2326 firmant.

249 2349 306 2412 2⁷.
352 2348 393 2407 At
411 2349 512 2407 Petrus
529 2349 601 2407 haee
621 2348 740 2407 audieus
757 2352 813 2407 ait:
832 2349 913 2426 Ergo
932 2347 1184 2428 seeundumipsos‚

207 2447 357 2514 antequam
376 2435 505 2494 homines
523 2443 701 2492 mutarentur
719 2436 748 2493 io
765 2435 875 2507 stellas,
895 2435 941 2492 uel
968 2445 1087 2492 caetera
1114 2454 1186 2514 qnae

207 2540 369 2590 enumeras,
392 2531 422 2577 et
439 2521 550 2578 coelum
569 2519 632 2578 sine
659 2520 750 2579 stellis
769 2530 834 2578 erat
850 2530 881 2578 et
899 2527 978 2578 terra
994 2520 1058 2578 sine
1075 2519 1187 2579 ardom-

205 2607 259 2666 hus
277 2616 308 2664 et
325 2605 503 2675 animalibus,
525 2623 578 2662 nen
597 2604 704 2674 fontes,
724 2623 779 2677 neo
797 2606 924 2674 humina,
944 2616 1184 2677 neoaveserant3

207 2701 237 2752 et
264 2689 405 2768 quomodo
432 2691 488 2767 ipsi
515 2691 644 2748 homines
671 2691 803 2753 vixerunt
828 2691 892 2748 sine
918 2690 975 2760 his,
1003 2690 1049 2766 qui
1067 2691 1096 2748 in
1114 2690 1186 2751 haee

126 2837 131 2840 ,
205 2772 383 2856 postmodnm
403 2777 500 2832 mutati
519 2785 593 2844 sunt,
616 2793 678 2832 eum
698 2785 812 2833 constet
837 2794 892 2833 nee
920 2776 1048 2852 potuisse
1070 2795 1187 2852 prorsus

206 2862 268 2919 sine
287 2859 330 2918 his
347 2859 433 2918 vitant
452 2857 558 2917 dooere
578 2859 707 2919 homines
724 2861 753 2917 in
772 2860 877 2918 terris?
896 2859 933 2918 ut
950 2878 1007 2936 ego
1033 2860 1184 2938 respondi:

206 2942 267 3005 Sed
285 2963 322 3002 ne
341 2944 431 3021 ipsum
451 2942 564 3023 quidem
583 2945 687 3005 cultum
699 2943 1107 3005 deorumauorumohservare
1118 2965 1186 3004 oon-

205 3040 362 3110 sequenter
380 3039 509 3103 norunt3·
520 3032 711 3108 unusquisque
730 3032 805 3089 enim
819 3031 1117 3108 oomnquoseotnnr,
1138 3031 1187 3090 ha·

205 3117 256 3175 het
273 3114 379 3193 aliquid
398 3115 451 3172 sihi
471 3113 605 3186 dicatum,
626 3134 644 3172 a
663 3135 718 3194 qno
738 3113 844 3184 dehent
862 3135 894 3174 se
917 3116 1067 3174 continere
1095 3116 1188 3175 enlto·

205 3221 264 3274 res,
285 3211 384 3279 utpote
401 3199 549 3260 Minervae
569 3200 683 3271 olivam,
703 3200 764 3258 lovi
787 3219 901 3279 capram
928 3201 1024 3259 ierunt
1049 3198 1185 3276 dinatum,

206 3286 307 3345 Cereri
326 3288 446 3356 semina,
465 3284 574 3344 Libero
592 3286 699 3357 vinum,
720 3283 796 3344 Osiri
812 3305 925 3364 aquam,
946 3284 1095 3352 llamanoni
1111 3286 1188 3346 arie·

205 3383 275 3442 tem,
295 3369 406 3429 Dianae
426 3389 553 3441 cervum,
576 3369 715 3448 Syrorum
734 3369 867 3431 daemoni
895 3372 1005 3448 piseem
1032 3381 1063 3428 et
1080 3371 1189 3430 colum-

203 3457 282 3528 haut‚
312 3455 441 3514 Vulcano
469 3457 581 3533 ignem3
612 3466 641 3514 et
668 3457 821 3534 unicuique
848 3467 880 3514 ut
904 3454 985 3525 dixi,
1014 3467 1060 3514 est
1080 3455 1188 3534 aliquid

205 3541 323 3621 proprie
339 3539 474 3611 dinatum,
495 3560 512 3598 a
523 3560 577 3618 quo
589 3541 742 3619 oportebat
750 3541 897 3601 obstinere
905 3560 940 3600 so
949 3541 1076 3600 cultores
1084 3539 1122 3600 ad
1135 3541 1189 3600 ho·

204 3645 305 3686 norom
324 3646 423 3685 eornm
442 3625 542 3705 quibus
570 3624 666 3686 dieata
690 3637 767 3688 sunt.
813 3625 898 3685 Nune
915 3636 1010 3684 antem
1028 3627 1134 3703 singoli
1151 3626 1187 3686 at

204 3732 261 3772 nuo
280 3712 374 3789 aliquo
393 3731 425 3770 se
445 3703 642 3784 observantes,
663 3732 716 3789 pro
731 3712 813 3770 unius
823 3712 934 3772 honore
945 3721 1079 3770 caeteros
1090 3731 1188 3774 omnes

204 3797 294 3854 iratos
311 3796 433 3868 habent3
454 3817 524 3875 quos
542 3798 640 3873 ntique
659 3798 684 3854 si
696 3797 924 3876 plaeerevelint,
942 3796 1117 3875 prohooore
1128 3816 1188 3854 om-

205 3880 280 3948 nium
298 3871 443 3938 abstinere
461 3899 494 3939 se
512 3880 547 3938 ab
565 3880 695 3940 omnihus
713 3879 876 3961 oportebat,
896 3892 928 3940 ut
944 3890 1011 3942 ante
1030 3879 1188 3942 &emindi-
