2634 4400
665 206 729 270 tlt

586 297 800 314 *αα-ιο

202 417 256 474 lius
274 431 308 473 ae
327 413 381 472 sibi
400 411 506 492 liquido
525 409 665 490 probatis.
712 409 802 469 Simul
820 420 851 469 et
867 413 990 488 imperat
1006 409 1090 481 nilni,
1120 414 1187 489 qnia

205 499 346 574 intellexit
364 517 408 556 me
428 496 580 556 studiosius
599 515 671 574 quae
685 493 813 555 audirem
823 497 961 554 memoria
971 494 1185 566 commendare,

205 579 285 644 libris
303 583 414 660 singula
432 573 560 660 quaeque
579 595 652 658 quae
663 577 1188 656 memoratudignavidelranturcom-

201 666 390 748 prehendere.
406 677 435 726 et
451 667 567 725 mittere
577 663 612 723 ad
622 675 665 737 te,
684 665 723 724 mi
741 662 983 736 dominelacolre,
1003 664 1186 723 sieuteticci

204 772 309 832 parens
327 753 388 811 eius
406 751 580 829 praeruptis.
1018 785 1023 792 ·

202 865 205 872 ·
247 835 320 896 78..
350 835 458 894 Primus
485 853 557 912 ergo
584 832 659 892 liber
685 851 722 892 ex
748 833 793 892 luis
819 835 988 912 qnosprins
1005 834 1069 890 misi
1086 832 1125 890 ad
1142 844 1185 904 te,

204 923 336 986 eontinet
353 917 389 978 de
408 937 478 978 vero
497 919 638 996 propheta
664 928 696 975 et
718 916 754 977 de
773 919 952 995 proprietate
974 917 1186 994 intelligentiae

204 1007 290 1083 legis,
310 1003 464 1063 seeundum
482 1001 513 1060 id
531 1001 606 1081 quod
623 1000 718 1080 Moysi
744 1000 862 1060 traditio
890 1000 988 1060 docet.
1034 1000 1186 1059 Secundus
1296 1080 1297 1083 Ἴ

203 1089 241 1147 ale
259 1089 402 1166 principio
420 1086 561 1156 eontinet,
581 1097 674 1144 utrum
691 1105 774 1147 naum
785 1087 1013 1164 ritprineipinrn,
1032 1104 1070 1143 aa
1086 1086 1184 1156 multa,

204 1181 235 1232 et
252 1170 328 1250 quod
345 1191 402 1230 nun
421 1172 535 1249 ignoret
555 1170 828 1240 llelrraeommlex,
850 1168 916 1249 quid
933 1171 970 1228 sit
996 1171 1183 1228 immensitas.

201 1257 328 1326 Tertius,
348 1253 385 1313 de
404 1254 459 1314 duo
478 1263 508 1314 et
525 1255 569 1313 luis
587 1271 662 1332 quae
679 1254 715 1312 al)
730 1272 766 1313 eo
775 1256 904 1312 instituta
925 1265 1002 1312 sunt.
1048 1254 1185 1325 Quantis,

203 1338 280 1420 quod
299 1357 362 1397 eum
380 1340 459 1397 multi
477 1337 610 1402 ‚dieantur
628 1337 681 1410 dii,
700 1357 772 1396 unus
789 1339 828 1396 sit
844 1357 932 1397 verua
949 1337 1020 1396 deus
1028 1337 1186 1396 secundum

204 1425 367 1502 testimonia
393 1425 608 1508 seripturarum.
665 1424 797 1496 Quintus,
825 1421 902 1500 quod
928 1421 985 1480 duo
1010 1423 1069 1480 sint
1093 1423 1184 1494 coeli,

204 1527 321 1587 quorum
339 1527 423 1566 unum
442 1509 480 1566 sit
496 1505 573 1567 istud
589 1505 703 1567 visibile
720 1507 926 1566 firmamentum
945 1505 1021 1584 quod
1044 1517 1074 1577 et
1091 1517 1186 1564 trans-

202 1593 266 1664 iluit,
287 1590 364 1651 aliud
381 1606 452 1650 vero
470 1602 618 1650 ueternum
637 1601 668 1650 et
694 1582 849 1650 invirinile.
896 1589 1015 1661 Sextus,
1043 1588 1082 1649 de
1108 1590 1186 1648 bono

201 1687 233 1735 et
250 1677 324 1738 malo
343 1685 373 1734 et
391 1673 467 1754 quod
484 1675 560 1734 bono
580 1686 682 1734 cuneta
704 1673 891 1734 subiiciuutnr
916 1693 934 1732 a
958 1685 1054 1752 putre,
1082 1675 1187 1732 malum
1214 1673 1218 1685 ’
1298 1674 1299 1727 3

202 1771 296 1818 autem
316 1778 406 1838 quare
424 1769 454 1817 et
472 1757 627 1837 quomodo,
648 1768 679 1818 et
694 1757 772 1817 uude
789 1761 837 1830 sit,
858 1769 889 1817 et
906 1757 982 1837 quod
1008 1770 1188 1836 cooperetur

202 1842 317 1921 quidem
335 1843 423 1913 bono,
443 1841 496 1904 sed
513 1863 570 1901 non
588 1844 739 1922 proposito
756 1843 849 1915 lton03
871 1853 901 1901 et
918 1861 992 1920 quae
1017 1844 1075 1899 sint
1101 1844 1187 1920 signa

201 1927 373 2004 deniquae
391 1943 463 1983 vcro
480 1925 562 1995 muli,
582 1937 703 2004 atquae
730 1928 767 1984 sit
793 1926 956 1986 differentia
982 1925 1129 1986 dualitatis
1154 1929 1188 1985 ''et
1272 1919 1277 1930 '

202 2009 426 2088 coniugationis.
474 2007 631 2087 Septimus,
650 2027 725 2087 quae
745 2012 816 2082 sint,
834 2029 907 2089 quae
924 2012 1094 2088 prosequuti
1120 2022 1187 2079 runt

203 2090 353 2160 duodecim
372 2093 496 2170 apostoli
513 2091 588 2172 apud
606 2094 739 2172 populum
761 2095 790 2152 in
816 2095 935 2173 templo.
981 2094 1117 2165 Octavus,
1147 2095 1186 2154 de

202 2177 297 2257 verbis
325 2175 431 2237 domini
458 2193 530 2256 quau
557 2177 612 2239 siti
639 2176 773 2238 videntur
793 2198 858 2238 esse
877 2180 1034 2251 contraria,
1054 2179 1108 2238 sed
1125 2201 1185 2238 non

20 2298 28 2315 ι
109 2280 117 2291 “
202 2274 278 2334 sunt,
299 2274 329 2321 et
346 2263 475 2345 quaesit
491 2263 592 2322 luorum
610 2262 764 2322 absolutio.
810 2262 923 2334 Nonus,
951 2265 1017 2341 quia
1043 2265 1092 2322 lex
1109 2284 1184 2341 quae
1299 2335 1300 2342 q

202 2366 218 2406 a
237 2347 293 2406 deo
311 2348 404 2425 posita
422 2357 479 2420 est,
499 2349 574 2407 iusta
591 2348 629 2406 sit
646 2357 677 2405 et
695 2348 838 2425 perlecta,
857 2358 889 2406 et
905 2366 978 2425 quae
1000 2348 1063 2406 solu
1090 2351 1186 2425 possit

201 2433 302 2491 lacere
320 2450 432 2509 pacem.
478 2428 624 2501 Decimus,
645 2429 683 2490 de
700 2432 847 2490 nativitate
865 2430 1007 2489 lominum
1025 2434 1136 2490 carnali
1154 2443 1185 2490 et

202 2514 239 2575 de
257 2517 446 2597 generatione
465 2534 537 2599 quae
556 2526 601 2573 est
618 2534 673 2592 per
690 2514 870 2593 baptismum,
889 2526 921 2573 et
937 2535 1010 2594 quae
1027 2516 1066 2573 ait
1082 2517 1111 2573 in
1131 2516 1184 2573 dc,

201 2600 277 2657 urine
297 2598 420 2656 earnalis
438 2598 554 2656 seminis
572 2600 731 2670 successio,
751 2610 782 2657 et
800 2618 873 2677 qnae
889 2600 1001 2658 animae
1020 2600 1082 2658 eius
1093 2601 1182 2670 ratio,

201 2692 233 2756 ut
250 2680 391 2759 quomodo
410 2680 439 2763 iu
457 2682 520 2759 ipsa
538 2692 583 2741 est
599 2682 719 2741 lilnertus
736 2682 863 2755 arbitrii,
882 2701 957 2762 quau
973 2684 1106 2761 quoniam
1125 2702 1183 2742 non

200 2775 248 2823 est
264 2766 393 2843 ingenita
411 2763 464 2822 sed
481 2765 559 2823 laeta
577 2776 632 2837 est,
657 2764 809 2829 immobilis
826 2785 844 2825 a
861 2767 938 2825 bono
961 2786 1028 2825 esse
1039 2785 1042 2790 ·
1053 2786 1110 2824 nun
1129 2787 1184 2845 po-

201 2858 289 2907 terat.
335 2847 379 2905 llo
397 2848 442 2905 luis
460 2860 535 2925 ergo
550 2848 670 2927 singulis
687 2867 761 2928 qnae
778 2849 853 2928 apud
868 2850 1039 2909 Caesaream
1050 2849 1183 2909 disserta

202 2943 266 2991 suut
283 2952 299 2991 a
318 2932 418 3004 Petro,
438 2931 554 2992 iubente
572 2944 604 2992 ut
621 2931 681 2993 dixi
698 2935 762 3012 ipro
784 2932 885 2993 decem
913 2937 1079 3013 conscripta
1095 2934 1132 2992 ad
1150 2946 1182 2992 tc
1278 2982 1288 2999 .

200 3018 343 3076 transmisi
361 3018 514 3076 volumina.
560 3016 623 3077 Nos
649 3029 743 3076 autem
770 3016 818 3077 die
844 3030 973 3097 postera,
992 3029 1025 3077 nt
1045 3028 1182 3076 statutum

199 3103 307 3174 linerat,
327 3120 390 3161 enm
408 3102 561 3181 aliquantis
576 3103 624 3182 qui
643 3100 766 3170 Petrum·
776 3104 857 3182 sequi
874 3100 1066 3163 decreverant
1088 3100 1184 3161 tideli-

202 3186 252 3246 tus
271 3186 352 3261 uiris,
363 3207 388 3257 va
407 3186 551 3249 Caesarea
564 3174 794 3266 ,prulieisolmum
1157 3231 1161 3236 .

297 3599 302 3603 ,
421 3460 629 3608 Iatour
658 3526 956 3618 quartus.

101 3724 115 3751 ο
244 3692 275 3751 Ι.
323 3689 486 3749 Profectio
505 3691 647 3751 Caesarea
666 3702 696 3749 ut
721 3689 857 3767 Tripolim
884 3708 1083 3767 pergeremus,
1104 3691 1180 3769 opud

200 3773 305 3887 llorpiu
324 3774 412 3833 luove
431 3772 563 3853 oppidum
578 3775 696 3851 primatu
710 3774 1028 3846 lecimusnrunsionem,
1047 3776 1113 3852 quia
1122 3795 1179 3833 nee
