2634 4400
617 299 663 359 te

533 389 746 404 m

148 504 316 574 neritonum,
337 514 367 561 et
386 501 495 564 Simoni
515 502 627 582 quidem
647 503 726 563 cedit
742 506 930 584 principatum
948 524 1040 578 mum,
1060 509 1129 586 ipsi·
1150 546 1156 554 ι

147 607 205 666 que
225 587 344 646 obedire
363 605 474 646 onmem
493 590 745 666 trigintavirorum
765 589 894 648 ordinem
913 590 1002 662 iubet,
1023 603 1129 650 semct-

146 674 239 751 ipsum
266 691 336 731 reru
364 673 391 746 in
419 674 512 731 focum
541 672 666 732 Simonis
692 675 792 733 statuit
822 686 852 734 et
874 696 932 733 non
957 676 1045 734 muito
1063 687 1130 756 post

147 755 300 816 defunctus
318 769 373 816 ert.
420 789 421 792 ¹

94 862 98 871 ·
193 841 247 901 iffa
295 841 385 920 igitur
403 854 468 921 post
485 839 591 904 obitum
611 839 742 902 Dosithci
761 843 860 903 Simon
878 843 1127 923 accepitLunam,

148 931 212 986 cum
238 946 294 1004 qua
321 945 411 1006 nsque
438 925 474 986 ad
501 945 640 1006 praesens
659 930 773 1000 circuit,
793 940 826 987 ut
851 927 954 988 ridetis
975 925 1129 1008 decipiens

147 1009 246 1072 turbas
263 1022 296 1070 et
312 1010 463 1084 adserens,
484 1014 667 1090 semetipsum
687 1012 799 1092 quidem
817 1015 949 1072 virtutem
964 1016 1129 1093 essequam·

146 1095 225 1167 dam,
246 1115 319 1174 qnae
337 1099 376 1154 sit
392 1116 478 1177 supra
505 1096 686 1156 conditorem
704 1097 803 1169 deum,
824 1098 932 1158 Lunam
958 1119 1029 1158 vero
1054 1091 1137 1177 quae'

147 1199 247 1240 secum
267 1191 323 1252 est,
344 1180 465 1240 essedo
484 1181 681 1260 superioribus
699 1183 790 1241 coefis
808 1181 972 1255 deductam,
993 1183 1129 1253 eandem·

140 1284 204 1345 ‘que
223 1277 390 1325 cunctorum
409 1267 578 1344 genitricem
594 1263 704 1326 adserit
712 1285 778 1326 esse
787 1269 968 1346 sapientiam,
988 1287 1040 1346 pro
1060 1287 1127 1346 qua,
1163 1316 1165 1320 ,

147 1350 250 1428 inquit,
280 1349 386 1409 Gracci
399 1362 444 1410 et
470 1350 591 1410 Barbari
618 1353 822 1428 confligentes,
842 1350 995 1429 imaginem
1014 1353 1128 1431 quidem

146 1437 210 1494 eius
227 1435 323 1513 aliqua
341 1453 378 1493 cn
395 1443 477 1513 parto
494 1433 595 1494 videre
613 1446 778 1514 potueruut,
807 1438 897 1514 ipsam
925 1454 999 1494 rere·
1021 1449 1053 1496 ut
1070 1447 1127 1507 est,

146 1520 260 1598 penitus
278 1517 458 1596 ignoramunt,
479 1521 582 1598 quippe
601 1539 676 1599 quae
693 1518 774 1598 apud
786 1521 862 1578 iffum
878 1522 1129 1598 primumomnium

147 1613 179 1664 et
196 1604 286 1673 seium
304 1603 460 1669 habitaret,
473 1604 568 1664 deunn
615 1605 653 1662 Et
679 1605 753 1665 haee
779 1616 867 1683 atque
884 1605 941 1662 afia
960 1605 1003 1664 his
1025 1607 1129 1664 similia

146 1704 211 1748 eum
228 1687 381 1748 verborum
399 1697 502 1769 pompa
519 1690 687 1768 proferens,
716 1687 834 1768 decepit
859 1689 972 1748 multos.
1020 1689 1130 1748 Sedet

146 1774 203 1832 hoc
221 1772 351 1832 indicare
369 1772 475 1846 debeo,
496 1774 572 1853 qued
589 1776 651 1854 ipse
670 1773 843 1852 ego-vidisse
856 1775 1044 1845 mememini,
1064 1795 1127 1834 cum

147 1867 227 1917 esset
253 1857 406 1936 aliquando
434 1857 517 1919 Luna
534 1859 583 1917 iiia
601 1861 664 1918 eius
681 1860 710 1916 iu
728 1859 801 1918 torri
818 1857 951 1939 eandm,
978 1858 1128 1919 multitudo

147 1945 250 2020 ingens
267 1939 306 2002 ad
322 1961 387 2001 eam
405 1945 583 2003 convenerat
599 1941 809 2023 ‘pervidendam
839 1953 871 2002 ct
897 1943 1022 2022 undique
1048 1944 1128 2002 cirea
1171 2014 1173 2021 Α

146 2027 245 2086 turrim
269 2027 378 2100 stabam
398 2038 430 2087 at
446 2027 494 2087 iffa
512 2047 567 2108 per
583 2040 684 2088 omnes
701 2029 845 2088 fenestras
862 2029 949 2088 torris
967 2029 1128 2087 iffinsumni

145 2113 251 2192 popufo
286 2112 476 2190 procumbere
512 2133 547 2172 ac
574 2115 743 2192 prospicere
768 2113 930 2175 videbatur.
973 2112 1010 2170 Et
1041 2114 1129 2172 muita

146 2199 204 2256 afia
221 2198 362 2259 mirabilia
384 2200 456 2257 fecit
482 2210 512 2257 et
530 2200 611 2271 facit,
632 2200 674 2257 ita
690 2210 722 2257 ut
738 2208 887 2277 stupentes
904 2218 957 2277 pro
975 2199 1019 2257 his
1037 2199 1128 2257 honri-

146 2286 198 2341 n'es
225 2290 325 2361 putent
346 2300 410 2342 eum
429 2285 518 2362 ipsum
536 2302 602 2342 esse
619 2288 756 2342 summum
774 2282 869 2342 deum.
948 2352 953 2360 ¹

148 2400 152 2407 ·
191 2367 245 2425 feo
291 2366 364 2427 Num
383 2369 451 2427 mihi
469 2354 622 2445 a'iiquando
640 2379 672 2426 et
688 2366 815 2427 Nicetae
830 2367 1012 2445 rogantibus,
1032 2378 1063 2426 ut
1076 2386 1127 2425 ex·

145 2462 270 2531 poneret
287 2451 429 2531 mommio
449 2452 523 2512 haee
539 2454 650 2530 possint
667 2463 732 2510 ame
749 2452 862 2529 magica
881 2452 975 2523 effici,
1005 2463 1035 2510 et
1053 2470 1126 2531 quae

147 2534 225 2596 esset
242 2537 324 2595 huius
342 2538 386 2597 rei
404 2547 517 2608 natura,
539 2536 637 2596 Simon
647 2548 780 2615 tanquam
791 2536 977 2597 familiaribus
990 2538 1049 2595 suis
1075 2556 1127 2595 en-

145 2622 265 2701 planare
282 2624 323 2680 ita
340 2625 453 2702 coepit:
466 2696 469 2700 Α
483 2621 584 2695 Pueri,
613 2623 714 2701 inquit,
744 2623 902 2701 incorrupti
928 2632 959 2681 et
983 2622 1128 2681 violenter

104 2776 111 2789 ¹
145 2708 396 2785 necati3anima1n
423 2706 628 2767 adiuramentis
655 2705 846 2765 ineffabilibus
873 2716 1023 2765 evocatam
1049 2705 1127 2765 adsi·

93 2800 95 2803 ’
144 2802 225 2851 storo
243 2791 311 2849 mihi
328 2793 399 2865 iecit
419 2802 450 2851 et
465 2810 519 2871 per
536 2790 846 2871 ipsamfltomneqnod
865 2791 962 2851 uteo.
995 2790 1034 2849 ift
1050 2810 1124 2869 ego:

143 2875 246 2947 Estne,
267 2877 392 2954 inquam,
411 2876 548 2956 possibile
565 2878 678 2936 animae
697 2877 769 2936 haec
787 2878 905 2936 facere?
932 2876 984 2935 life
1006 2895 1126 2955 respon-

144 2959 202 3019 dit:
224 2961 286 3017 H'oe
305 2980 357 3019 vos
374 2964 450 3024 scire
468 2963 546 3033 volo,
569 2964 634 3041 quia
652 2960 808 3021 secundam
832 2962 925 3020 iocum
951 2972 1017 3040 post
1041 2960 1125 3019 deum
1227 3028 1234 3043 ι

144 3046 258 3103 obtinet
275 3046 369 3103 anima
386 3046 518 3117 hominia,
540 3065 603 3104 cnm
622 3058 708 3105 exuta
726 3048 815 3105 fuerit
831 3066 850 3105 a
867 3048 1001 3123 corporis
1016 3047 1060 3104 sui
1081 3056 1126 3104 te-

142 3128 271 3189 nebris.-·
301 3127 402 3186 Statim
429 3128 552 3206 deniqne
579 3140 609 3188 et
635 3131 854 3207 praescientiam
881 3130 980 3200 habet,
1008 3140 1127 3207 propter
1235 3159 1238 3169 ·

144 3212 224 3293 quud
241 3212 383 3271 evocatur
398 3212 435 3273 ad
457 3215 693 3271 necromantiam
738 3211 777 3270 Et
803 3232 859 3290 ego
886 3212 1038 3291 respondi:
1069 3214 1127 3271 Gur

145 3318 218 3376 ergo
246 3299 466 3357 interfecturum
491 3298 603 3359 auftnae
630 3316 687 3356 neu
719 3299 896 3357 ulciscuntur
919 3299 1126 3357 interfectores

145 3386 232 3443 snos?
249 3382 291 3441 m
307 3383 371 3441 iiie:
392 3379 459 3442 Non
477 3384 640 3454 meministi,
661 3384 763 3460 inquit,
793 3381 870 3461 quod
887 3380 957 3454 dixi,
978 3384 1044 3462 quia
1063 3403 1126 3443 eum

144 3469 251 3527 exierit
268 3467 305 3527 de
324 3470 460 3547 corpore,
481 3469 567 3527 etiam
585 3469 806 3547 praescientiam
825 3468 930 3527 habet?
948 3468 1065 3527 Memini
1083 3471 1126 3527 in-

146 3570 240 3630 quam.
287 3552 329 3610 oh
348 3553 403 3612 hoc
421 3572 507 3630 ergo,
528 3554 629 3631 inquit,
649 3572 714 3611 cum
732 3551 883 3611 excedite
901 3572 1038 3631 corpore,
1066 3565 1129 3611 stau

145 3638 195 3694 tim
213 3639 391 3719 praenoscit
395 3639 518 3696 futurum
536 3655 601 3697 esse
619 3636 765 3708 indicium,
786 3648 817 3696 et
834 3656 1059 3716 unumquemque
1072 3654 1130 3715 pro

146 3721 190 3779 lais
212 3739 286 3798 quae
312 3722 359 3779 hie
379 3723 474 3800 egerit
492 3722 572 3781 malis
589 3740 700 3800 poenas
717 3721 863 3793 daturum,
882 3732 915 3779 et
931 3720 999 3779 ideo
1025 3722 1126 3780 uolunt
1183 3722 1188 3727 ’

146 3806 247 3863 ulcisci
273 3807 479 3866 interfectores
505 3826 587 3878 suos,
625 3807 692 3886 qnia
719 3818 750 3864 et
775 3808 854 3885 ipsae
881 3825 934 3884 pro
960 3806 1019 3865 suis
1044 3808 1126 3864 unalis

148 3908 221 3969 quoe
239 3889 286 3949 hie
306 3893 517 3965 commiserant,
538 3892 688 3971 perferunt
705 3892 865 3963 cruciatus,
894 3902 924 3949 ct
943 3890 1006 3956 ‚iltis
1028 3893 1126 3956 sciunt
