<?xml version="1.0" encoding="UTF-8"?>
<!DOCTYPE html PUBLIC "-//W3C//DTD XHTML 1.0 Transitional//EN"
    "http://www.w3.org/TR/xhtml1/DTD/xhtml1-transitional.dtd">
<html xmlns="http://www.w3.org/1999/xhtml" xml:lang="en" lang="en">
 <head>
  <title>
</title>
<meta http-equiv="Content-Type" content="text/html;charset=utf-8" />
  <meta name='ocr-system' content='tesseract 3.04.00' />
  <meta name='ocr-capabilities' content='ocr_page ocr_carea ocr_par ocr_line ocrx_word'/>
</head>
<body>
  <div class='ocr_page' id='page_1' title='image "./recognitionesru00gersgoog_0071.png"; bbox 0 0 2634 4400; ppageno 0'>
   <div class='ocr_carea' id='block_1_1' title="bbox 600 295 646 357">
    <p class='ocr_par' dir='ltr' id='par_1_1' title="bbox 600 295 646 357">
     <span class='ocr_line' id='line_1_1' title="bbox 600 295 646 357; baseline 0 0"><span class='ocrx_word' id='word_1_1' title='bbox 600 295 646 357; x_wconf 72' lang='lat'><strong>65</strong></span> 
     </span>
    </p>
   </div>
   <div class='ocr_carea' id='block_1_2' title="bbox 516 388 729 401">
    <p class='ocr_par' dir='ltr' id='par_1_2' title="bbox 516 388 729 401">
     <span class='ocr_line' id='line_1_2' title="bbox 516 388 729 401; baseline 0.014 -3"><span class='ocrx_word' id='word_1_2' title='bbox 516 388 729 401; x_wconf 62' lang='lat' dir='ltr'><strong>Dn—-u—-n-</strong></span> 
     </span>
    </p>
   </div>
   <div class='ocr_carea' id='block_1_3' title="bbox 124 486 1170 3864">
    <p class='ocr_par' dir='ltr' id='par_1_3' title="bbox 127 486 1131 916">
     <span class='ocr_line' id='line_1_3' title="bbox 127 486 1115 580; baseline 0.006 -24"><span class='ocrx_word' id='word_1_3' title='bbox 127 497 283 577; x_wconf 84' lang='lat' dir='ltr'><strong>incognita&#39;</strong></span> <span class='ocrx_word' id='word_1_4' title='bbox 297 497 425 558; x_wconf 88' lang='lat' dir='ltr'><strong>omnibus</strong></span> <span class='ocrx_word' id='word_1_5' title='bbox 443 509 473 556; x_wconf 88' lang='lat' dir='ltr'><strong>et</strong></span> <span class='ocrx_word' id='word_1_6' title='bbox 490 497 926 579; x_wconf 85' lang='lat' dir='ltr'><strong>omnibus-incomprehensibilia</strong></span> <span class='ocrx_word' id='word_1_7' title='bbox 936 486 1115 580; x_wconf 65' lang='lat' dir='ltr'><strong>cognoscas,¹</strong></span> 
     </span>
     <span class='ocr_line' id='line_1_4' title="bbox 127 584 1112 663; baseline 0.006 -23"><span class='ocrx_word' id='word_1_8' title='bbox 127 585 218 642; x_wconf 91' lang='lat' dir='ltr'><strong>multo</strong></span> <span class='ocrx_word' id='word_1_9' title='bbox 237 585 348 650; x_wconf 76' lang='lat' dir='ltr'><strong>facilius</strong></span> <span class='ocrx_word' id='word_1_10' title='bbox 367 584 560 660; x_wconf 84' lang='lat' dir='ltr'><strong>cogitationes</strong></span> <span class='ocrx_word' id='word_1_11' title='bbox 578 584 714 644; x_wconf 85' lang='lat' dir='ltr'><strong>humanas</strong></span> <span class='ocrx_word' id='word_1_12' title='bbox 732 589 852 663; x_wconf 87' lang='lat' dir='ltr'><strong>quaein</strong></span> <span class='ocrx_word' id='word_1_13' title='bbox 872 588 957 646; x_wconf 89' lang='lat' dir='ltr'><strong>terris</strong></span> <span class='ocrx_word' id='word_1_14' title='bbox 971 589 1112 647; x_wconf 87' lang='lat' dir='ltr'><strong>babeutur</strong></span> 
     </span>
     <span class='ocr_line' id='line_1_5' title="bbox 127 667 1112 752; baseline 0.006 -27"><span class='ocrx_word' id='word_1_15' title='bbox 127 670 275 745; x_wconf 79' lang='lat' dir='ltr'><strong>agnoscis.</strong></span> <span class='ocrx_word' id='word_1_16' title='bbox 323 667 641 744; x_wconf 83' lang='lat' dir='ltr'><strong>Quodsicogitatioues</strong></span> <span class='ocrx_word' id='word_1_17' title='bbox 656 681 773 734; x_wconf 64' lang='lat' dir='ltr'><strong>,nostras</strong></span> <span class='ocrx_word' id='word_1_18' title='bbox 787 672 842 752; x_wconf 52' lang='lat' dir='ltr'><strong>⁹qui</strong></span> <span class='ocrx_word' id='word_1_19' title='bbox 866 671 911 748; x_wconf 78' lang='lat' dir='ltr'><strong>bic</strong></span> <span class='ocrx_word' id='word_1_20' title='bbox 930 682 1036 729; x_wconf 87' lang='lat' dir='ltr'><strong>stamus</strong></span> <span class='ocrx_word' id='word_1_21' title='bbox 1054 693 1112 732; x_wconf 89' lang='lat' dir='ltr'><strong>non</strong></span> 
     </span>
     <span class='ocr_line' id='line_1_6' title="bbox 127 751 1110 833; baseline 0.005 -24"><span class='ocrx_word' id='word_1_22' title='bbox 127 763 213 830; x_wconf 86' lang='lat' dir='ltr'><strong>potes</strong></span> <span class='ocrx_word' id='word_1_23' title='bbox 232 753 320 823; x_wconf 84' lang='lat' dir='ltr'><strong>scire,</strong></span> <span class='ocrx_word' id='word_1_24' title='bbox 340 751 483 830; x_wconf 85' lang='lat' dir='ltr'><strong>quomodo</strong></span> <span class='ocrx_word' id='word_1_25' title='bbox 503 769 630 830; x_wconf 82' lang='lat' dir='ltr'><strong>eaquae</strong></span> <span class='ocrx_word' id='word_1_26' title='bbox 649 754 732 813; x_wconf 89' lang='lat' dir='ltr'><strong>nuliis</strong></span> <span class='ocrx_word' id='word_1_27' title='bbox 750 773 815 812; x_wconf 88' lang='lat' dir='ltr'><strong>esse</strong></span> <span class='ocrx_word' id='word_1_28' title='bbox 834 757 951 833; x_wconf 77' lang='lat' dir='ltr'><strong>cognita</strong></span> <span class='ocrx_word' id='word_1_29' title='bbox 965 755 1110 829; x_wconf 89' lang='lat' dir='ltr'><strong>adfirmas,</strong></span> 
     </span>
     <span class='ocr_line' id='line_1_7' title="bbox 127 835 1131 916; baseline 0.004 -22"><span class='ocrx_word' id='word_1_30' title='bbox 127 838 207 894; x_wconf 87' lang='lat' dir='ltr'><strong>scire</strong></span> <span class='ocrx_word' id='word_1_31' title='bbox 225 847 258 894; x_wconf 76' lang='lat' dir='ltr'><strong>te·</strong></span> <span class='ocrx_word' id='word_1_32' title='bbox 274 835 365 896; x_wconf 77' lang='lat' dir='ltr'><strong>dicis?</strong></span> <span class='ocrx_word' id='word_1_33' title='bbox 532 905 535 916; x_wconf 32' lang='lat'><strong><em>¹</em></strong></span> <span class='ocrx_word' id='word_1_34' title='bbox 1127 836 1131 841; x_wconf 58' lang='grc'>’</span> 
     </span>
    </p>

    <p class='ocr_par' dir='ltr' id='par_1_4' title="bbox 124 919 1170 2834">
     <span class='ocr_line' id='line_1_8' title="bbox 155 919 1112 1002; baseline 0.006 -24"><span class='ocrx_word' id='word_1_35' title='bbox 155 919 229 979; x_wconf 62' lang='lat' dir='ltr'><strong>bl.</strong></span> <span class='ocrx_word' id='word_1_36' title='bbox 277 919 372 979; x_wconf 83' lang='lat' dir='ltr'><strong>Crede</strong></span> <span class='ocrx_word' id='word_1_37' title='bbox 390 931 484 980; x_wconf 89' lang='lat' dir='ltr'><strong>autem</strong></span> <span class='ocrx_word' id='word_1_38' title='bbox 502 921 580 991; x_wconf 89' lang='lat' dir='ltr'><strong>mibi,</strong></span> <span class='ocrx_word' id='word_1_39' title='bbox 600 922 666 999; x_wconf 90' lang='lat' dir='ltr'><strong>quia</strong></span> <span class='ocrx_word' id='word_1_40' title='bbox 693 942 833 1000; x_wconf 88' lang='lat' dir='ltr'><strong>nunquam</strong></span> <span class='ocrx_word' id='word_1_41' title='bbox 855 925 946 982; x_wconf 87' lang='lat' dir='ltr'><strong>scires</strong></span> <span class='ocrx_word' id='word_1_42' title='bbox 973 924 1039 1002; x_wconf 89' lang='lat' dir='ltr'><strong>quid</strong></span> <span class='ocrx_word' id='word_1_43' title='bbox 1067 937 1112 984; x_wconf 90' lang='lat' dir='ltr'><strong>est</strong></span> 
     </span>
     <span class='ocr_line' id='line_1_9' title="bbox 128 1005 1112 1084; baseline 0.005 -22"><span class='ocrx_word' id='word_1_44' title='bbox 128 1007 190 1076; x_wconf 82' lang='lat' dir='ltr'><strong>lux,</strong></span> <span class='ocrx_word' id='word_1_45' title='bbox 211 1005 264 1063; x_wconf 89' lang='lat' dir='ltr'><strong>nisi</strong></span> <span class='ocrx_word' id='word_1_46' title='bbox 283 1005 317 1063; x_wconf 91' lang='lat' dir='ltr'><strong>ab</strong></span> <span class='ocrx_word' id='word_1_47' title='bbox 336 1007 398 1084; x_wconf 89' lang='lat' dir='ltr'><strong>ipsa</strong></span> <span class='ocrx_word' id='word_1_48' title='bbox 415 1005 480 1064; x_wconf 90' lang='lat' dir='ltr'><strong>luce</strong></span> <span class='ocrx_word' id='word_1_49' title='bbox 498 1007 662 1082; x_wconf 76' lang='lat' dir='ltr'><strong>accepisses</strong></span> <span class='ocrx_word' id='word_1_50' title='bbox 681 1017 711 1064; x_wconf 88' lang='lat' dir='ltr'><strong>et</strong></span> <span class='ocrx_word' id='word_1_51' title='bbox 728 1009 818 1065; x_wconf 83' lang='lat' dir='ltr'><strong>visum</strong></span> <span class='ocrx_word' id='word_1_52' title='bbox 837 1018 867 1064; x_wconf 90' lang='lat' dir='ltr'><strong>et</strong></span> <span class='ocrx_word' id='word_1_53' title='bbox 881 1009 1112 1068; x_wconf 87' lang='lat' dir='ltr'><strong>intellectumvi-</strong></span> 
     </span>
     <span class='ocr_line' id='line_1_10' title="bbox 128 1088 1111 1169; baseline 0.004 -21"><span class='ocrx_word' id='word_1_54' title='bbox 128 1088 233 1162; x_wconf 79' lang='lat' dir='ltr'><strong>dendi3</strong></span> <span class='ocrx_word' id='word_1_55' title='bbox 254 1091 344 1148; x_wconf 87' lang='lat' dir='ltr'><strong>sicet</strong></span> <span class='ocrx_word' id='word_1_56' title='bbox 362 1091 389 1148; x_wconf 90' lang='lat' dir='ltr'><strong>in</strong></span> <span class='ocrx_word' id='word_1_57' title='bbox 409 1090 545 1148; x_wconf 89' lang='lat' dir='ltr'><strong>caeteris.</strong></span> <span class='ocrx_word' id='word_1_58' title='bbox 575 1089 647 1147; x_wconf 86' lang='lat' dir='ltr'><strong>Hinc</strong></span> <span class='ocrx_word' id='word_1_59' title='bbox 662 1102 782 1169; x_wconf 87' lang='lat' dir='ltr'><strong>accepta</strong></span> <span class='ocrx_word' id='word_1_60' title='bbox 799 1092 1001 1169; x_wconf 76' lang='lat' dir='ltr'><strong>intelligentia,</strong></span> <span class='ocrx_word' id='word_1_61' title='bbox 1022 1096 1111 1152; x_wconf 90' lang='lat' dir='ltr'><strong>maius</strong></span> 
     </span>
     <span class='ocr_line' id='line_1_11' title="bbox 128 1172 1111 1252; baseline 0.003 -19"><span class='ocrx_word' id='word_1_62' title='bbox 128 1172 237 1252; x_wconf 88' lang='lat' dir='ltr'><strong>aliquid</strong></span> <span class='ocrx_word' id='word_1_63' title='bbox 256 1185 285 1232; x_wconf 92' lang='lat' dir='ltr'><strong>et</strong></span> <span class='ocrx_word' id='word_1_64' title='bbox 304 1174 448 1232; x_wconf 86' lang='lat' dir='ltr'><strong>sublimius</strong></span> <span class='ocrx_word' id='word_1_65' title='bbox 466 1175 568 1232; x_wconf 89' lang='lat' dir='ltr'><strong>somnii</strong></span> <span class='ocrx_word' id='word_1_66' title='bbox 586 1175 678 1232; x_wconf 89' lang='lat' dir='ltr'><strong>instar</strong></span> <span class='ocrx_word' id='word_1_67' title='bbox 695 1177 863 1252; x_wconf 80' lang='lat' dir='ltr'><strong>excogitas,</strong></span> <span class='ocrx_word' id='word_1_68' title='bbox 893 1179 1048 1236; x_wconf 81' lang='lat' dir='ltr'><strong>occasione</strong></span> <span class='ocrx_word' id='word_1_69' title='bbox 1067 1190 1111 1236; x_wconf 89' lang='lat' dir='ltr'><strong>ta-</strong></span> 
     </span>
     <span class='ocr_line' id='line_1_12' title="bbox 127 1257 1122 1344; baseline 0.004 -28"><span class='ocrx_word' id='word_1_70' title='bbox 127 1277 195 1316; x_wconf 87' lang='lat' dir='ltr'><strong>men</strong></span> <span class='ocrx_word' id='word_1_71' title='bbox 215 1277 251 1316; x_wconf 88' lang='lat' dir='ltr'><strong>ex</strong></span> <span class='ocrx_word' id='word_1_72' title='bbox 269 1260 330 1317; x_wconf 92' lang='lat' dir='ltr'><strong>istis</strong></span> <span class='ocrx_word' id='word_1_73' title='bbox 349 1261 471 1338; x_wconf 86' lang='lat' dir='ltr'><strong>quinque</strong></span> <span class='ocrx_word' id='word_1_74' title='bbox 488 1257 620 1318; x_wconf 81' lang='lat' dir='ltr'><strong>sensibus</strong></span> <span class='ocrx_word' id='word_1_75' title='bbox 638 1270 741 1330; x_wconf 86' lang='lat' dir='ltr'><strong>sumta,</strong></span> <span class='ocrx_word' id='word_1_76' title='bbox 763 1280 881 1338; x_wconf 88' lang='lat' dir='ltr'><strong>quornm</strong></span> <span class='ocrx_word' id='word_1_77' title='bbox 910 1261 1040 1338; x_wconf 86' lang='lat' dir='ltr'><strong>largitori</strong></span> <span class='ocrx_word' id='word_1_78' title='bbox 1068 1265 1122 1344; x_wconf 60' lang='lat'><strong>5¹¹⁸:</strong></span> 
     </span>
     <span class='ocr_line' id='line_1_13' title="bbox 128 1343 1111 1421; baseline 0.005 -21"><span class='ocrx_word' id='word_1_79' title='bbox 128 1354 229 1420; x_wconf 83' lang='lat' dir='ltr'><strong>gratus</strong></span> <span class='ocrx_word' id='word_1_80' title='bbox 248 1361 290 1401; x_wconf 90' lang='lat' dir='ltr'><strong>es.</strong></span> <span class='ocrx_word' id='word_1_81' title='bbox 338 1343 441 1401; x_wconf 84' lang='lat' dir='ltr'><strong>Certus</strong></span> <span class='ocrx_word' id='word_1_82' title='bbox 460 1352 553 1401; x_wconf 84' lang='lat' dir='ltr'><strong>autem</strong></span> <span class='ocrx_word' id='word_1_83' title='bbox 572 1343 646 1413; x_wconf 79' lang='lat' dir='ltr'><strong>es&#39;to,</strong></span> <span class='ocrx_word' id='word_1_84' title='bbox 668 1343 743 1421; x_wconf 90' lang='lat' dir='ltr'><strong>quod</strong></span> <span class='ocrx_word' id='word_1_85' title='bbox 762 1343 923 1402; x_wconf 87' lang='lat' dir='ltr'><strong>donecnon</strong></span> <span class='ocrx_word' id='word_1_86' title='bbox 938 1347 1111 1404; x_wconf 73' lang='lat' dir='ltr'><strong>invenisne-</strong></span> 
     </span>
     <span class='ocr_line' id='line_1_14' title="bbox 126 1427 1112 1507; baseline 0.001 -21"><span class='ocrx_word' id='word_1_87' title='bbox 126 1427 333 1505; x_wconf 86' lang='lat' dir='ltr'><strong>vumaliquem</strong></span> <span class='ocrx_word' id='word_1_88' title='bbox 352 1445 475 1496; x_wconf 87' lang='lat' dir='ltr'><strong>sensnm,</strong></span> <span class='ocrx_word' id='word_1_89' title='bbox 497 1427 543 1503; x_wconf 92' lang='lat' dir='ltr'><strong>qui</strong></span> <span class='ocrx_word' id='word_1_90' title='bbox 562 1436 644 1484; x_wconf 85' lang='lat' dir='ltr'><strong>extra</strong></span> <span class='ocrx_word' id='word_1_91' title='bbox 661 1427 714 1485; x_wconf 91' lang='lat' dir='ltr'><strong>bos</strong></span> <span class='ocrx_word' id='word_1_92' title='bbox 733 1428 855 1507; x_wconf 82' lang='lat' dir='ltr'><strong>quinque</strong></span> <span class='ocrx_word' id='word_1_93' title='bbox 878 1430 916 1485; x_wconf 91' lang='lat' dir='ltr'><strong>sit</strong></span> <span class='ocrx_word' id='word_1_94' title='bbox 933 1431 1032 1506; x_wconf 89' lang='lat' dir='ltr'><strong>quibus</strong></span> <span class='ocrx_word' id='word_1_95' title='bbox 1051 1451 1112 1487; x_wconf 93' lang='lat' dir='ltr'><strong>om-</strong></span> 
     </span>
     <span class='ocr_line' id='line_1_15' title="bbox 127 1508 1108 1588; baseline 0.003 -19"><span class='ocrx_word' id='word_1_96' title='bbox 127 1531 181 1569; x_wconf 85' lang='lat' dir='ltr'><strong>ues</strong></span> <span class='ocrx_word' id='word_1_97' title='bbox 201 1512 313 1582; x_wconf 78' lang='lat' dir='ltr'><strong>utimur,</strong></span> <span class='ocrx_word' id='word_1_98' title='bbox 334 1527 438 1569; x_wconf 86' lang='lat' dir='ltr'><strong>novum</strong></span> <span class='ocrx_word' id='word_1_99' title='bbox 455 1508 591 1569; x_wconf 85' lang='lat' dir='ltr'><strong>adserere</strong></span> <span class='ocrx_word' id='word_1_100' title='bbox 610 1531 666 1568; x_wconf 93' lang='lat' dir='ltr'><strong>uon</strong></span> <span class='ocrx_word' id='word_1_101' title='bbox 682 1511 795 1588; x_wconf 87' lang='lat' dir='ltr'><strong>poteris</strong></span> <span class='ocrx_word' id='word_1_102' title='bbox 814 1510 908 1570; x_wconf 87' lang='lat' dir='ltr'><strong>deum.</strong></span> <span class='ocrx_word' id='word_1_103' title='bbox 938 1512 1108 1572; x_wconf 81' lang='lat' dir='ltr'><strong>EtSimon:</strong></span> 
     </span>
     <span class='ocr_line' id='line_1_16' title="bbox 128 1595 1111 1672; baseline 0.002 -20"><span class='ocrx_word' id='word_1_104' title='bbox 128 1595 200 1652; x_wconf 88' lang='lat' dir='ltr'><strong>Cum</strong></span> <span class='ocrx_word' id='word_1_105' title='bbox 219 1597 347 1672; x_wconf 86' lang='lat' dir='ltr'><strong>quinque</strong></span> <span class='ocrx_word' id='word_1_106' title='bbox 359 1595 489 1654; x_wconf 82' lang='lat' dir='ltr'><strong>sensibus</strong></span> <span class='ocrx_word' id='word_1_107' title='bbox 508 1605 641 1653; x_wconf 83' lang='lat' dir='ltr'><strong>constent</strong></span> <span class='ocrx_word' id='word_1_108' title='bbox 660 1596 754 1653; x_wconf 79' lang='lat' dir='ltr'><strong>onmia</strong></span> <span class='ocrx_word' id='word_1_109' title='bbox 771 1613 844 1672; x_wconf 82' lang='lat' dir='ltr'><strong>quae</strong></span> <span class='ocrx_word' id='word_1_110' title='bbox 861 1607 942 1667; x_wconf 89' lang='lat' dir='ltr'><strong>sunt,</strong></span> <span class='ocrx_word' id='word_1_111' title='bbox 972 1597 1039 1654; x_wconf 90' lang='lat' dir='ltr'><strong>nibil</strong></span> <span class='ocrx_word' id='word_1_112' title='bbox 1058 1619 1111 1654; x_wconf 91' lang='lat' dir='ltr'><strong>uo-</strong></span> 
     </span>
     <span class='ocr_line' id='line_1_17' title="bbox 127 1677 1170 1758; baseline 0.003 -21"><span class='ocrx_word' id='word_1_113' title='bbox 127 1699 193 1737; x_wconf 81' lang='lat' dir='ltr'><strong>vum</strong></span> <span class='ocrx_word' id='word_1_114' title='bbox 207 1677 327 1737; x_wconf 81' lang='lat' dir='ltr'><strong>addere</strong></span> <span class='ocrx_word' id='word_1_115' title='bbox 354 1680 443 1737; x_wconf 86' lang='lat' dir='ltr'><strong>virtus</strong></span> <span class='ocrx_word' id='word_1_116' title='bbox 461 1679 510 1737; x_wconf 86' lang='lat' dir='ltr'><strong>iila</strong></span> <span class='ocrx_word' id='word_1_117' title='bbox 529 1681 639 1737; x_wconf 83' lang='lat' dir='ltr'><strong>cunctis</strong></span> <span class='ocrx_word' id='word_1_118' title='bbox 657 1682 830 1738; x_wconf 80' lang='lat' dir='ltr'><strong>eminentior</strong></span> <span class='ocrx_word' id='word_1_119' title='bbox 846 1690 953 1758; x_wconf 91' lang='lat' dir='ltr'><strong>potest.</strong></span> <span class='ocrx_word' id='word_1_120' title='bbox 1000 1681 1045 1738; x_wconf 86' lang='lat' dir='ltr'><strong>Et</strong></span> <span class='ocrx_word' id='word_1_121' title='bbox 1056 1682 1110 1740; x_wconf 85' lang='lat' dir='ltr'><strong>Pe·-</strong></span> <span class='ocrx_word' id='word_1_122' title='bbox 1160 1683 1170 1690; x_wconf 79' lang='grc'><strong>“</strong></span> 
     </span>
     <span class='ocr_line' id='line_1_18' title="bbox 127 1763 1110 1838; baseline 0.003 -18"><span class='ocrx_word' id='word_1_123' title='bbox 127 1775 190 1834; x_wconf 80' lang='lat' dir='ltr'><strong>trus</strong></span> <span class='ocrx_word' id='word_1_124' title='bbox 208 1765 264 1820; x_wconf 85' lang='lat' dir='ltr'><strong>ait:</strong></span> <span class='ocrx_word' id='word_1_125' title='bbox 283 1763 383 1821; x_wconf 86' lang='lat' dir='ltr'><strong>falsum</strong></span> <span class='ocrx_word' id='word_1_126' title='bbox 403 1773 461 1821; x_wconf 66' lang='lat' dir='ltr'><strong>ests</strong></span> <span class='ocrx_word' id='word_1_127' title='bbox 502 1763 557 1821; x_wconf 74' lang='lat' dir='ltr'><strong>Est</strong></span> <span class='ocrx_word' id='word_1_128' title='bbox 584 1765 658 1822; x_wconf 88' lang='lat' dir='ltr'><strong>enim</strong></span> <span class='ocrx_word' id='word_1_129' title='bbox 686 1776 717 1822; x_wconf 91' lang='lat' dir='ltr'><strong>et</strong></span> <span class='ocrx_word' id='word_1_130' title='bbox 741 1765 812 1822; x_wconf 89' lang='lat' dir='ltr'><strong>alius</strong></span> <span class='ocrx_word' id='word_1_131' title='bbox 830 1775 928 1823; x_wconf 80' lang='lat' dir='ltr'><strong>sextus</strong></span> <span class='ocrx_word' id='word_1_132' title='bbox 947 1778 1060 1838; x_wconf 81' lang='lat' dir='ltr'><strong>seusus,</strong></span> <span class='ocrx_word' id='word_1_133' title='bbox 1081 1765 1110 1825; x_wconf 94' lang='lat' dir='ltr'><strong>id</strong></span> 
     </span>
     <span class='ocr_line' id='line_1_19' title="bbox 125 1843 1110 1929; baseline 0.002 -23"><span class='ocrx_word' id='word_1_134' title='bbox 125 1859 175 1906; x_wconf 87' lang='lat' dir='ltr'><strong>est</strong></span> <span class='ocrx_word' id='word_1_135' title='bbox 193 1847 418 1925; x_wconf 77' lang='lat' dir='ltr'><strong>praenoscendi3</strong></span> <span class='ocrx_word' id='word_1_136' title='bbox 439 1847 486 1906; x_wconf 93' lang='lat' dir='ltr'><strong>isti</strong></span> <span class='ocrx_word' id='word_1_137' title='bbox 505 1848 578 1905; x_wconf 90' lang='lat' dir='ltr'><strong>enim</strong></span> <span class='ocrx_word' id='word_1_138' title='bbox 599 1849 722 1926; x_wconf 85' lang='lat' dir='ltr'><strong>quinque</strong></span> <span class='ocrx_word' id='word_1_139' title='bbox 738 1849 841 1907; x_wconf 84' lang='lat' dir='ltr'><strong>sensus</strong></span> <span class='ocrx_word' id='word_1_140' title='bbox 859 1843 1000 1926; x_wconf 84' lang='lat' dir='ltr'><strong>scientiae</strong></span> <span class='ocrx_word' id='word_1_141' title='bbox 1022 1869 1110 1929; x_wconf 90' lang='lat' dir='ltr'><strong>capa-</strong></span> 
     </span>
     <span class='ocr_line' id='line_1_20' title="bbox 126 1933 1109 2012; baseline 0.003 -22"><span class='ocrx_word' id='word_1_142' title='bbox 126 1950 179 1990; x_wconf 86' lang='lat' dir='ltr'><strong>ces</strong></span> <span class='ocrx_word' id='word_1_143' title='bbox 207 1943 282 2001; x_wconf 85' lang='lat' dir='ltr'><strong>sunt,</strong></span> <span class='ocrx_word' id='word_1_144' title='bbox 311 1943 412 1990; x_wconf 78' lang='lat' dir='ltr'><strong>sextus</strong></span> <span class='ocrx_word' id='word_1_145' title='bbox 435 1941 530 1988; x_wconf 87' lang='lat' dir='ltr'><strong>autem</strong></span> <span class='ocrx_word' id='word_1_146' title='bbox 557 1933 769 2009; x_wconf 68' lang='lat' dir='ltr'><strong>praescientiae</strong></span> <span class='ocrx_word' id='word_1_147' title='bbox 796 1945 856 2004; x_wconf 91' lang='lat' dir='ltr'><strong>est,</strong></span> <span class='ocrx_word' id='word_1_148' title='bbox 882 1952 964 2012; x_wconf 88' lang='lat' dir='ltr'><strong>quem</strong></span> <span class='ocrx_word' id='word_1_149' title='bbox 982 1934 1109 1994; x_wconf 90' lang='lat' dir='ltr'><strong>babuere</strong></span> 
     </span>
     <span class='ocr_line' id='line_1_21' title="bbox 126 2015 1110 2097; baseline 0.003 -23"><span class='ocrx_word' id='word_1_150' title='bbox 126 2016 298 2095; x_wconf 76' lang='lat' dir='ltr'><strong>propbetas.</strong></span> <span class='ocrx_word' id='word_1_151' title='bbox 344 2015 386 2074; x_wconf 85' lang='lat' dir='ltr'><strong>Tu</strong></span> <span class='ocrx_word' id='word_1_152' title='bbox 405 2035 476 2092; x_wconf 83' lang='lat' dir='ltr'><strong>ergo</strong></span> <span class='ocrx_word' id='word_1_153' title='bbox 496 2015 637 2093; x_wconf 86' lang='lat' dir='ltr'><strong>quomodo</strong></span> <span class='ocrx_word' id='word_1_154' title='bbox 655 2020 741 2095; x_wconf 86' lang='lat' dir='ltr'><strong>potes&#39;</strong></span> <span class='ocrx_word' id='word_1_155' title='bbox 757 2017 841 2077; x_wconf 89' lang='lat' dir='ltr'><strong>deum</strong></span> <span class='ocrx_word' id='word_1_156' title='bbox 860 2018 989 2075; x_wconf 90' lang='lat' dir='ltr'><strong>omuibus</strong></span> <span class='ocrx_word' id='word_1_157' title='bbox 1007 2021 1110 2097; x_wconf 80' lang='lat' dir='ltr'><strong>incog-</strong></span> 
     </span>
     <span class='ocr_line' id='line_1_22' title="bbox 126 2101 1109 2181; baseline 0.002 -22"><span class='ocrx_word' id='word_1_158' title='bbox 126 2102 333 2172; x_wconf 85' lang='lat' dir='ltr'><strong>nitum‘uosse,</strong></span> <span class='ocrx_word' id='word_1_159' title='bbox 348 2102 409 2178; x_wconf 83' lang='lat' dir='ltr'><strong>-qui</strong></span> <span class='ocrx_word' id='word_1_160' title='bbox 436 2119 490 2158; x_wconf 86' lang='lat' dir='ltr'><strong>nec</strong></span> <span class='ocrx_word' id='word_1_161' title='bbox 517 2101 716 2178; x_wconf 76' lang='lat' dir='ltr'><strong>propheticum</strong></span> <span class='ocrx_word' id='word_1_162' title='bbox 742 2121 867 2174; x_wconf 84' lang='lat' dir='ltr'><strong>sensum,</strong></span> <span class='ocrx_word' id='word_1_163' title='bbox 897 2104 943 2180; x_wconf 91' lang='lat' dir='ltr'><strong>qui</strong></span> <span class='ocrx_word' id='word_1_164' title='bbox 963 2113 1007 2160; x_wconf 91' lang='lat' dir='ltr'><strong>est</strong></span> <span class='ocrx_word' id='word_1_165' title='bbox 1024 2116 1109 2181; x_wconf 81' lang='lat' dir='ltr'><strong>prae·</strong></span> 
     </span>
     <span class='ocr_line' id='line_1_23' title="bbox 127 2183 1109 2265; baseline 0.001 -21"><span class='ocrx_word' id='word_1_166' title='bbox 127 2185 281 2255; x_wconf 78' lang='lat' dir='ltr'><strong>scientiae,</strong></span> <span class='ocrx_word' id='word_1_167' title='bbox 303 2184 573 2263; x_wconf 78' lang='lat' dir='ltr'><strong>cognovisti?·.·&#39;l&#39;·um</strong></span> <span class='ocrx_word' id='word_1_168' title='bbox 584 2183 789 2264; x_wconf 84' lang='lat' dir='ltr'><strong>Simoncoepit</strong></span> <span class='ocrx_word' id='word_1_169' title='bbox 799 2185 914 2245; x_wconf 90' lang='lat' dir='ltr'><strong>dicere:</strong></span> <span class='ocrx_word' id='word_1_170' title='bbox 936 2186 1016 2244; x_wconf 85' lang='lat' dir='ltr'><strong>Hanc</strong></span> <span class='ocrx_word' id='word_1_171' title='bbox 1027 2208 1109 2265; x_wconf 82' lang='lat' dir='ltr'><strong>quam</strong></span> 
     </span>
     <span class='ocr_line' id='line_1_24' title="bbox 128 2270 1107 2347; baseline 0.002 -20"><span class='ocrx_word' id='word_1_172' title='bbox 128 2270 195 2327; x_wconf 89' lang='lat' dir='ltr'><strong>dico</strong></span> <span class='ocrx_word' id='word_1_173' title='bbox 214 2271 346 2328; x_wconf 74' lang='lat' dir='ltr'><strong>uirtutem</strong></span> <span class='ocrx_word' id='word_1_174' title='bbox 364 2270 685 2347; x_wconf 82' lang='lat' dir='ltr'><strong>incomprehensibilem·</strong></span> <span class='ocrx_word' id='word_1_175' title='bbox 701 2282 730 2329; x_wconf 88' lang='lat' dir='ltr'><strong>et</strong></span> <span class='ocrx_word' id='word_1_176' title='bbox 749 2273 965 2329; x_wconf 76' lang='lat' dir='ltr'><strong>eminentiorem</strong></span> <span class='ocrx_word' id='word_1_177' title='bbox 985 2274 1107 2343; x_wconf 89' lang='lat' dir='ltr'><strong>cunetis,</strong></span> 
     </span>
     <span class='ocr_line' id='line_1_25' title="bbox 128 2352 1108 2432; baseline 0 -19"><span class='ocrx_word' id='word_1_178' title='bbox 128 2355 216 2413; x_wconf 90' lang='lat' dir='ltr'><strong>ctiam</strong></span> <span class='ocrx_word' id='word_1_179' title='bbox 242 2354 306 2431; x_wconf 85' lang='lat' dir='ltr'><strong>ipso</strong></span> <span class='ocrx_word' id='word_1_180' title='bbox 334 2356 381 2432; x_wconf 94' lang='lat' dir='ltr'><strong>qui</strong></span> <span class='ocrx_word' id='word_1_181' title='bbox 408 2352 538 2413; x_wconf 78' lang='lat' dir='ltr'><strong>mundum</strong></span> <span class='ocrx_word' id='word_1_182' title='bbox 566 2352 695 2411; x_wconf 88' lang='lat' dir='ltr'><strong>condidit</strong></span> <span class='ocrx_word' id='word_1_183' title='bbox 722 2354 790 2425; x_wconf 88' lang='lat' dir='ltr'><strong>deo,</strong></span> <span class='ocrx_word' id='word_1_184' title='bbox 820 2373 913 2431; x_wconf 90' lang='lat' dir='ltr'><strong>neque</strong></span> <span class='ocrx_word' id='word_1_185' title='bbox 941 2356 1108 2430; x_wconf 80' lang='lat' dir='ltr'><strong>augelorum</strong></span> 
     </span>
     <span class='ocr_line' id='line_1_26' title="bbox 127 2436 1109 2517; baseline 0.003 -22"><span class='ocrx_word' id='word_1_186' title='bbox 127 2438 275 2517; x_wconf 84' lang='lat' dir='ltr'><strong>quisquam</strong></span> <span class='ocrx_word' id='word_1_187' title='bbox 294 2452 387 2517; x_wconf 83' lang='lat' dir='ltr'><strong>neque</strong></span> <span class='ocrx_word' id='word_1_188' title='bbox 407 2436 574 2497; x_wconf 85' lang='lat' dir='ltr'><strong>daemonum</strong></span> <span class='ocrx_word' id='word_1_189' title='bbox 592 2440 784 2516; x_wconf 79' lang='lat' dir='ltr'><strong>amitaeque</strong></span> <span class='ocrx_word' id='word_1_190' title='bbox 808 2437 993 2509; x_wconf 84' lang='lat' dir='ltr'><strong>ludaeorum,</strong></span> <span class='ocrx_word' id='word_1_191' title='bbox 1014 2458 1109 2517; x_wconf 83' lang='lat' dir='ltr'><strong>neque</strong></span> 
     </span>
     <span class='ocr_line' id='line_1_27' title="bbox 124 2520 1109 2601; baseline 0 -20"><span class='ocrx_word' id='word_1_192' title='bbox 124 2523 322 2581; x_wconf 86' lang='lat' dir='ltr'><strong>ulla-omnino</strong></span> <span class='ocrx_word' id='word_1_193' title='bbox 335 2532 409 2601; x_wconf 77' lang='lat' dir='ltr'><strong>quae</strong></span> <span class='ocrx_word' id='word_1_194' title='bbox 428 2520 615 2580; x_wconf 82' lang='lat' dir='ltr'><strong>aconditore</strong></span> <span class='ocrx_word' id='word_1_195' title='bbox 634 2520 689 2581; x_wconf 87' lang='lat' dir='ltr'><strong>deo</strong></span> <span class='ocrx_word' id='word_1_196' title='bbox 709 2524 834 2581; x_wconf 84' lang='lat' dir='ltr'><strong>substitit</strong></span> <span class='ocrx_word' id='word_1_197' title='bbox 852 2533 996 2582; x_wconf 85' lang='lat' dir='ltr'><strong>creatura.</strong></span> <span class='ocrx_word' id='word_1_198' title='bbox 1023 2525 1109 2597; x_wconf 77' lang='lat' dir='ltr'><strong>¹Quo-</strong></span> 
     </span>
     <span class='ocr_line' id='line_1_28' title="bbox 127 2605 1109 2685; baseline 0.003 -21"><span class='ocrx_word' id='word_1_199' title='bbox 127 2605 213 2664; x_wconf 90' lang='lat' dir='ltr'><strong>modo</strong></span> <span class='ocrx_word' id='word_1_200' title='bbox 242 2608 316 2665; x_wconf 83' lang='lat' dir='ltr'><strong>eo&#39;im</strong></span> <span class='ocrx_word' id='word_1_201' title='bbox 343 2618 469 2685; x_wconf 85' lang='lat' dir='ltr'><strong>potarat,</strong></span> <span class='ocrx_word' id='word_1_202' title='bbox 499 2614 580 2683; x_wconf 85' lang='lat' dir='ltr'><strong>quani</strong></span> <span class='ocrx_word' id='word_1_203' title='bbox 606 2606 888 2685; x_wconf 76' lang='lat' dir='ltr'><strong>creator³ipscnon</strong></span> <span class='ocrx_word' id='word_1_204' title='bbox 908 2605 1040 2679; x_wconf 85' lang='lat' dir='ltr'><strong>noverat,</strong></span> <span class='ocrx_word' id='word_1_205' title='bbox 1060 2609 1109 2667; x_wconf 83' lang='lat' dir='ltr'><strong>lex</strong></span> 
     </span>
     <span class='ocr_line' id='line_1_29' title="bbox 125 2688 1108 2770; baseline 0.001 -21"><span class='ocrx_word' id='word_1_206' title='bbox 125 2710 174 2749; x_wconf 89' lang='lat' dir='ltr'><strong>me</strong></span> <span class='ocrx_word' id='word_1_207' title='bbox 201 2690 290 2768; x_wconf 87' lang='lat' dir='ltr'><strong>ipsius</strong></span> <span class='ocrx_word' id='word_1_208' title='bbox 303 2693 461 2750; x_wconf 79' lang='lat' dir='ltr'><strong>creatoris</strong></span> <span class='ocrx_word' id='word_1_209' title='bbox 487 2688 648 2764; x_wconf 71' lang='lat' dir='ltr'><strong>edocere,¹</strong></span> <span class='ocrx_word' id='word_1_210' title='bbox 665 2711 728 2751; x_wconf 87' lang='lat' dir='ltr'><strong>oum</strong></span> <span class='ocrx_word' id='word_1_211' title='bbox 750 2710 805 2751; x_wconf 87' lang='lat' dir='ltr'><strong>nec</strong></span> <span class='ocrx_word' id='word_1_212' title='bbox 827 2694 889 2770; x_wconf 92' lang='lat' dir='ltr'><strong>ipsa</strong></span> <span class='ocrx_word' id='word_1_213' title='bbox 917 2693 1006 2749; x_wconf 87' lang='lat' dir='ltr'><strong>sciret</strong></span> <span class='ocrx_word' id='word_1_214' title='bbox 1033 2692 1108 2770; x_wconf 86' lang='lat' dir='ltr'><strong>quod</strong></span> 
     </span>
     <span class='ocr_line' id='line_1_30' title="bbox 127 2773 693 2834; baseline 0.005 -2"><span class='ocrx_word' id='word_1_215' title='bbox 127 2773 269 2834; x_wconf 73' lang='lat' dir='ltr'><strong>doceret?</strong></span> <span class='ocrx_word' id='word_1_216' title='bbox 302 2804 320 2816; x_wconf 87' lang='lat'><strong>..</strong></span> <span class='ocrx_word' id='word_1_217' title='bbox 398 2798 400 2806; x_wconf 92' lang='lat'>·</span> <span class='ocrx_word' id='word_1_218' title='bbox 691 2782 693 2787; x_wconf 84' lang='grc'><strong>’</strong></span> 
     </span>
    </p>

    <p class='ocr_par' dir='ltr' id='par_1_5' title="bbox 126 2858 1109 3864">
     <span class='ocr_line' id='line_1_31' title="bbox 167 2858 1108 2941; baseline 0.004 -24"><span class='ocrx_word' id='word_1_219' title='bbox 167 2858 227 2917; x_wconf 71' lang='lat' dir='ltr'><strong>ab.</strong></span> <span class='ocrx_word' id='word_1_220' title='bbox 273 2860 445 2919; x_wconf 74' lang='lat' dir='ltr'><strong>lit-Petrus:</strong></span> <span class='ocrx_word' id='word_1_221' title='bbox 465 2860 685 2941; x_wconf 63' lang='lat' dir='ltr'><strong>Mirum-inquit,</strong></span> <span class='ocrx_word' id='word_1_222' title='bbox 703 2860 849 2941; x_wconf 59' lang='lat' dir='ltr'><strong>‘quomodo</strong></span> <span class='ocrx_word' id='word_1_223' title='bbox 866 2873 896 2919; x_wconf 92' lang='lat' dir='ltr'><strong>tu</strong></span> <span class='ocrx_word' id='word_1_224' title='bbox 914 2862 1031 2939; x_wconf 81' lang='lat' dir='ltr'><strong>exlege</strong></span> <span class='ocrx_word' id='word_1_225' title='bbox 1046 2864 1108 2939; x_wconf 89' lang='lat' dir='ltr'><strong>plus</strong></span> 
     </span>
     <span class='ocr_line' id='line_1_32' title="bbox 126 2943 1109 3023; baseline 0.003 -22"><span class='ocrx_word' id='word_1_226' title='bbox 126 2945 256 3023; x_wconf 85' lang='lat' dir='ltr'><strong>potueris</strong></span> <span class='ocrx_word' id='word_1_227' title='bbox 285 2943 410 3016; x_wconf 86' lang='lat' dir='ltr'><strong>discere,</strong></span> <span class='ocrx_word' id='word_1_228' title='bbox 440 2959 522 3023; x_wconf 85' lang='lat' dir='ltr'><strong>quam</strong></span> <span class='ocrx_word' id='word_1_229' title='bbox 550 2946 658 3005; x_wconf 85' lang='lat' dir='ltr'><strong>doecre</strong></span> <span class='ocrx_word' id='word_1_230' title='bbox 685 2950 730 3005; x_wconf 90' lang='lat' dir='ltr'><strong>vel</strong></span> <span class='ocrx_word' id='word_1_231' title='bbox 757 2944 834 3005; x_wconf 82' lang='lat' dir='ltr'><strong>seire</strong></span> <span class='ocrx_word' id='word_1_232' title='bbox 861 2947 909 3004; x_wconf 84' lang='lat' dir='ltr'><strong>lex</strong></span> <span class='ocrx_word' id='word_1_233' title='bbox 927 2951 1109 3023; x_wconf 69' lang='lat' dir='ltr'><strong>poteratt&#39;et</strong></span> 
     </span>
     <span class='ocr_line' id='line_1_33' title="bbox 128 3026 1109 3110; baseline 0.002 -24"><span class='ocrx_word' id='word_1_234' title='bbox 128 3026 273 3107; x_wconf 83' lang='lat' dir='ltr'><strong>quomodo</strong></span> <span class='ocrx_word' id='word_1_235' title='bbox 291 3027 391 3084; x_wconf 82' lang='lat' dir='ltr'><strong>borum</strong></span> <span class='ocrx_word' id='word_1_236' title='bbox 412 3046 484 3105; x_wconf 87' lang='lat' dir='ltr'><strong>quae</strong></span> <span class='ocrx_word' id='word_1_237' title='bbox 503 3030 641 3087; x_wconf 87' lang='lat' dir='ltr'><strong>adserere</strong></span> <span class='ocrx_word' id='word_1_238' title='bbox 659 3032 702 3088; x_wconf 89' lang='lat' dir='ltr'><strong>vis</strong></span> <span class='ocrx_word' id='word_1_239' title='bbox 720 3030 906 3110; x_wconf 83' lang='lat' dir='ltr'><strong>probationes</strong></span> <span class='ocrx_word' id='word_1_240' title='bbox 926 3029 1005 3086; x_wconf 88' lang='lat' dir='ltr'><strong>dicas</strong></span> <span class='ocrx_word' id='word_1_241' title='bbox 1024 3042 1052 3087; x_wconf 90' lang='lat' dir='ltr'><strong>te</strong></span> <span class='ocrx_word' id='word_1_242' title='bbox 1071 3050 1109 3088; x_wconf 85' lang='lat' dir='ltr'><strong>ex</strong></span> 
     </span>
     <span class='ocr_line' id='line_1_34' title="bbox 126 3111 1108 3191; baseline -0.002 -20"><span class='ocrx_word' id='word_1_243' title='bbox 126 3113 194 3191; x_wconf 85' lang='lat' dir='ltr'><strong>lege</strong></span> <span class='ocrx_word' id='word_1_244' title='bbox 209 3111 358 3189; x_wconf 77' lang='lat' dir='ltr'><strong>prolerre,</strong></span> <span class='ocrx_word' id='word_1_245' title='bbox 380 3131 442 3169; x_wconf 88' lang='lat' dir='ltr'><strong>cum</strong></span> <span class='ocrx_word' id='word_1_246' title='bbox 462 3130 554 3188; x_wconf 84' lang='lat' dir='ltr'><strong>neque</strong></span> <span class='ocrx_word' id='word_1_247' title='bbox 574 3114 667 3188; x_wconf 80' lang='lat' dir='ltr'><strong>legem</strong></span> <span class='ocrx_word' id='word_1_248' title='bbox 686 3114 804 3170; x_wconf 76' lang='lat' dir='ltr'><strong>adseres</strong></span> <span class='ocrx_word' id='word_1_249' title='bbox 823 3132 909 3170; x_wconf 90' lang='lat' dir='ltr'><strong>nosse</strong></span> <span class='ocrx_word' id='word_1_250' title='bbox 928 3131 963 3169; x_wconf 91' lang='lat' dir='ltr'><strong>ea</strong></span> <span class='ocrx_word' id='word_1_251' title='bbox 982 3113 1108 3189; x_wconf 87' lang='lat' dir='ltr'><strong>quaedi-</strong></span> 
     </span>
     <span class='ocr_line' id='line_1_35' title="bbox 127 3194 1108 3273; baseline -0.001 -18"><span class='ocrx_word' id='word_1_252' title='bbox 127 3200 181 3267; x_wconf 90' lang='lat' dir='ltr'><strong>cis,</strong></span> <span class='ocrx_word' id='word_1_253' title='bbox 203 3214 296 3273; x_wconf 87' lang='lat' dir='ltr'><strong>neque</strong></span> <span class='ocrx_word' id='word_1_254' title='bbox 315 3214 378 3253; x_wconf 91' lang='lat' dir='ltr'><strong>cum</strong></span> <span class='ocrx_word' id='word_1_255' title='bbox 397 3196 443 3273; x_wconf 89' lang='lat' dir='ltr'><strong>qui</strong></span> <span class='ocrx_word' id='word_1_256' title='bbox 462 3196 555 3271; x_wconf 83' lang='lat' dir='ltr'><strong>legem</strong></span> <span class='ocrx_word' id='word_1_257' title='bbox 584 3194 674 3266; x_wconf 87' lang='lat' dir='ltr'><strong>dedit,</strong></span> <span class='ocrx_word' id='word_1_258' title='bbox 704 3196 732 3253; x_wconf 90' lang='lat' dir='ltr'><strong>id</strong></span> <span class='ocrx_word' id='word_1_259' title='bbox 751 3207 796 3254; x_wconf 91' lang='lat' dir='ltr'><strong>est</strong></span> <span class='ocrx_word' id='word_1_260' title='bbox 813 3194 908 3252; x_wconf 92' lang='lat' dir='ltr'><strong>mundi</strong></span> <span class='ocrx_word' id='word_1_261' title='bbox 927 3201 1108 3254; x_wconf 79' lang='lat' dir='ltr'><strong>creatorem?</strong></span> 
     </span>
     <span class='ocr_line' id='line_1_36' title="bbox 126 3276 1107 3359; baseline -0.002 -18"><span class='ocrx_word' id='word_1_262' title='bbox 126 3280 187 3341; x_wconf 85' lang='lat' dir='ltr'><strong>Sed</strong></span> <span class='ocrx_word' id='word_1_263' title='bbox 215 3290 244 3338; x_wconf 88' lang='lat' dir='ltr'><strong>ct</strong></span> <span class='ocrx_word' id='word_1_264' title='bbox 270 3279 325 3337; x_wconf 87' lang='lat' dir='ltr'><strong>boc</strong></span> <span class='ocrx_word' id='word_1_265' title='bbox 353 3280 455 3351; x_wconf 90' lang='lat' dir='ltr'><strong>miror,</strong></span> <span class='ocrx_word' id='word_1_266' title='bbox 486 3276 627 3357; x_wconf 91' lang='lat' dir='ltr'><strong>quomodo</strong></span> <span class='ocrx_word' id='word_1_267' title='bbox 654 3290 684 3337; x_wconf 91' lang='lat' dir='ltr'><strong>tu</strong></span> <span class='ocrx_word' id='word_1_268' title='bbox 702 3282 750 3359; x_wconf 89' lang='lat' dir='ltr'><strong>qni</strong></span> <span class='ocrx_word' id='word_1_269' title='bbox 768 3280 845 3337; x_wconf 88' lang='lat' dir='ltr'><strong>solus</strong></span> <span class='ocrx_word' id='word_1_270' title='bbox 863 3280 935 3337; x_wconf 87' lang='lat' dir='ltr'><strong>baec</strong></span> <span class='ocrx_word' id='word_1_271' title='bbox 955 3282 1041 3352; x_wconf 90' lang='lat' dir='ltr'><strong>nosti,</strong></span> <span class='ocrx_word' id='word_1_272' title='bbox 1061 3281 1107 3339; x_wconf 89' lang='lat' dir='ltr'><strong>bic</strong></span> 
     </span>
     <span class='ocr_line' id='line_1_37' title="bbox 127 3361 1108 3437; baseline 0 -14"><span class='ocrx_word' id='word_1_273' title='bbox 127 3364 212 3423; x_wconf 78' lang='lat' dir='ltr'><strong>ruodo</strong></span> <span class='ocrx_word' id='word_1_274' title='bbox 240 3384 306 3421; x_wconf 88' lang='lat' dir='ltr'><strong>cum</strong></span> <span class='ocrx_word' id='word_1_275' title='bbox 331 3364 459 3421; x_wconf 91' lang='lat' dir='ltr'><strong>omuibus</strong></span> <span class='ocrx_word' id='word_1_276' title='bbox 486 3374 545 3422; x_wconf 86' lang='lat' dir='ltr'><strong>stes</strong></span> <span class='ocrx_word' id='word_1_277' title='bbox 564 3364 659 3423; x_wconf 87' lang='lat' dir='ltr'><strong>brevis</strong></span> <span class='ocrx_word' id='word_1_278' title='bbox 677 3361 742 3423; x_wconf 84' lang='lat' dir='ltr'><strong>atrii</strong></span> <span class='ocrx_word' id='word_1_279' title='bbox 761 3365 844 3422; x_wconf 87' lang='lat' dir='ltr'><strong>buius</strong></span> <span class='ocrx_word' id='word_1_280' title='bbox 862 3364 966 3421; x_wconf 89' lang='lat' dir='ltr'><strong>ambitu</strong></span> <span class='ocrx_word' id='word_1_281' title='bbox 986 3366 1108 3437; x_wconf 69' lang='lat' dir='ltr'><strong>circuun-</strong></span> 
     </span>
     <span class='ocr_line' id='line_1_38' title="bbox 126 3447 1107 3528; baseline 0.002 -21"><span class='ocrx_word' id='word_1_282' title='bbox 126 3450 222 3507; x_wconf 74' lang='lat' dir='ltr'><strong>datus,</strong></span> <span class='ocrx_word' id='word_1_283' title='bbox 260 3448 306 3505; x_wconf 82' lang='lat' dir='ltr'><strong>&#39;Et</strong></span> <span class='ocrx_word' id='word_1_284' title='bbox 334 3448 431 3507; x_wconf 89' lang='lat' dir='ltr'><strong>Simon</strong></span> <span class='ocrx_word' id='word_1_285' title='bbox 458 3447 559 3507; x_wconf 79' lang='lat' dir='ltr'><strong>videus</strong></span> <span class='ocrx_word' id='word_1_286' title='bbox 587 3469 649 3507; x_wconf 88' lang='lat' dir='ltr'><strong>cum</strong></span> <span class='ocrx_word' id='word_1_287' title='bbox 673 3452 749 3507; x_wconf 91' lang='lat' dir='ltr'><strong>omni</strong></span> <span class='ocrx_word' id='word_1_288' title='bbox 767 3450 872 3528; x_wconf 89' lang='lat' dir='ltr'><strong>populo</strong></span> <span class='ocrx_word' id='word_1_289' title='bbox 892 3447 1032 3508; x_wconf 86' lang='lat' dir='ltr'><strong>ridentem</strong></span> <span class='ocrx_word' id='word_1_290' title='bbox 1052 3448 1107 3509; x_wconf 88' lang='lat' dir='ltr'><strong>Pc-</strong></span> 
     </span>
     <span class='ocr_line' id='line_1_39' title="bbox 127 3532 1108 3611; baseline 0.001 -21"><span class='ocrx_word' id='word_1_291' title='bbox 127 3546 212 3604; x_wconf 86' lang='lat' dir='ltr'><strong>trum,</strong></span> <span class='ocrx_word' id='word_1_292' title='bbox 242 3532 319 3591; x_wconf 87' lang='lat' dir='ltr'><strong>rides</strong></span> <span class='ocrx_word' id='word_1_293' title='bbox 346 3535 446 3611; x_wconf 91' lang='lat' dir='ltr'><strong>inquit,</strong></span> <span class='ocrx_word' id='word_1_294' title='bbox 477 3532 574 3604; x_wconf 85' lang='lat' dir='ltr'><strong>Petro,</strong></span> <span class='ocrx_word' id='word_1_295' title='bbox 604 3554 667 3591; x_wconf 90' lang='lat' dir='ltr'><strong>cnm</strong></span> <span class='ocrx_word' id='word_1_296' title='bbox 686 3554 780 3593; x_wconf 89' lang='lat' dir='ltr'><strong>sermo</strong></span> <span class='ocrx_word' id='word_1_297' title='bbox 800 3532 835 3591; x_wconf 90' lang='lat' dir='ltr'><strong>de</strong></span> <span class='ocrx_word' id='word_1_298' title='bbox 855 3536 940 3592; x_wconf 88' lang='lat' dir='ltr'><strong>tantis</strong></span> <span class='ocrx_word' id='word_1_299' title='bbox 959 3534 1057 3607; x_wconf 87' lang='lat' dir='ltr'><strong>rebus,</strong></span> <span class='ocrx_word' id='word_1_300' title='bbox 1077 3546 1108 3593; x_wconf 89' lang='lat' dir='ltr'><strong>et</strong></span> 
     </span>
     <span class='ocr_line' id='line_1_40' title="bbox 126 3616 1107 3695; baseline 0 -20"><span class='ocrx_word' id='word_1_301' title='bbox 126 3630 184 3675; x_wconf 75' lang='lat' dir='ltr'><strong>taam</strong></span> <span class='ocrx_word' id='word_1_302' title='bbox 204 3617 391 3675; x_wconf 89' lang='lat' dir='ltr'><strong>eminentibus</strong></span> <span class='ocrx_word' id='word_1_303' title='bbox 410 3616 567 3675; x_wconf 78' lang='lat' dir='ltr'><strong>habeatur?</strong></span> <span class='ocrx_word' id='word_1_304' title='bbox 589 3618 657 3677; x_wconf 89' lang='lat' dir='ltr'><strong>Tum</strong></span> <span class='ocrx_word' id='word_1_305' title='bbox 677 3618 794 3678; x_wconf 85' lang='lat' dir='ltr'><strong>Petrus:</strong></span> <span class='ocrx_word' id='word_1_306' title='bbox 824 3617 904 3690; x_wconf 89' lang='lat' dir='ltr'><strong>Noli,</strong></span> <span class='ocrx_word' id='word_1_307' title='bbox 933 3621 1035 3695; x_wconf 84' lang='lat' dir='ltr'><strong>inquit,</strong></span> <span class='ocrx_word' id='word_1_308' title='bbox 1064 3621 1107 3676; x_wconf 89' lang='lat' dir='ltr'><strong>in·</strong></span> 
     </span>
     <span class='ocr_line' id='line_1_41' title="bbox 129 3700 1105 3780; baseline 0 -21"><span class='ocrx_word' id='word_1_309' title='bbox 129 3700 240 3777; x_wconf 82' lang='lat' dir='ltr'><strong>dignari</strong></span> <span class='ocrx_word' id='word_1_310' title='bbox 268 3700 377 3772; x_wconf 87' lang='lat' dir='ltr'><strong>Simon,</strong></span> <span class='ocrx_word' id='word_1_311' title='bbox 406 3702 474 3758; x_wconf 87' lang='lat' dir='ltr'><strong>nibil</strong></span> <span class='ocrx_word' id='word_1_312' title='bbox 503 3702 577 3759; x_wconf 89' lang='lat' dir='ltr'><strong>euim</strong></span> <span class='ocrx_word' id='word_1_313' title='bbox 599 3714 717 3779; x_wconf 89' lang='lat' dir='ltr'><strong>praeter</strong></span> <span class='ocrx_word' id='word_1_314' title='bbox 743 3704 961 3780; x_wconf 86' lang='lat' dir='ltr'><strong>promissionem</strong></span> <span class='ocrx_word' id='word_1_315' title='bbox 981 3712 1105 3761; x_wconf 88' lang='lat' dir='ltr'><strong>nostram</strong></span> 
     </span>
     <span class='ocr_line' id='line_1_42' title="bbox 128 3785 1106 3864; baseline 0 -21"><span class='ocrx_word' id='word_1_316' title='bbox 128 3786 265 3861; x_wconf 83' lang='lat' dir='ltr'><strong>gerimus,</strong></span> <span class='ocrx_word' id='word_1_317' title='bbox 290 3805 383 3864; x_wconf 87' lang='lat' dir='ltr'><strong>neque</strong></span> <span class='ocrx_word' id='word_1_318' title='bbox 411 3805 504 3851; x_wconf 56' lang='lat' dir='ltr'><strong>aures,</strong></span> <span class='ocrx_word' id='word_1_319' title='bbox 523 3796 636 3844; x_wconf 76' lang='lat' dir='ltr'><strong>nostrus</strong></span> <span class='ocrx_word' id='word_1_320' title='bbox 664 3785 832 3857; x_wconf 86' lang='lat' dir='ltr'><strong>claudimus,</strong></span> <span class='ocrx_word' id='word_1_321' title='bbox 852 3797 883 3846; x_wconf 94' lang='lat' dir='ltr'><strong>ut</strong></span> <span class='ocrx_word' id='word_1_322' title='bbox 901 3785 1032 3855; x_wconf 86' lang='lat' dir='ltr'><strong>dicebas,</strong></span> <span class='ocrx_word' id='word_1_323' title='bbox 1055 3805 1106 3843; x_wconf 89' lang='lat' dir='ltr'><strong>uc-</strong></span> 
     </span>
    </p>
   </div>
   <div class='ocr_carea' id='block_1_4' title="bbox 128 3869 1116 4008">
    <p class='ocr_par' dir='ltr' id='par_1_6' title="bbox 128 3869 1116 4008">
     <span class='ocr_line' id='line_1_43' title="bbox 128 3869 1105 3948; baseline 0.003 -23"><span class='ocrx_word' id='word_1_324' title='bbox 128 3889 182 3947; x_wconf 82' lang='lat' dir='ltr'><strong>que</strong></span> <span class='ocrx_word' id='word_1_325' title='bbox 210 3871 302 3927; x_wconf 87' lang='lat' dir='ltr'><strong>statim</strong></span> <span class='ocrx_word' id='word_1_326' title='bbox 332 3880 360 3927; x_wconf 88' lang='lat' dir='ltr'><strong>ut</strong></span> <span class='ocrx_word' id='word_1_327' title='bbox 384 3869 542 3947; x_wconf 29' lang='lat' dir='ltr'><strong>‚audivimus</strong></span> <span class='ocrx_word' id='word_1_328' title='bbox 570 3882 633 3929; x_wconf 88' lang='lat' dir='ltr'><strong>ate</strong></span> <span class='ocrx_word' id='word_1_329' title='bbox 651 3871 807 3933; x_wconf 80' lang='lat' dir='ltr'><strong>ineffabilia</strong></span> <span class='ocrx_word' id='word_1_330' title='bbox 819 3870 944 3948; x_wconf 75' lang='lat' dir='ltr'><strong>proferri</strong></span> <span class='ocrx_word' id='word_1_331' title='bbox 962 3871 990 3927; x_wconf 89' lang='lat' dir='ltr'><strong>ia</strong></span> <span class='ocrx_word' id='word_1_332' title='bbox 1006 3871 1105 3946; x_wconf 76' lang='lat' dir='ltr'><strong>fugam</strong></span> 
     </span>
     <span class='ocr_line' id='line_1_44' title="bbox 848 3956 1116 4008; baseline 0.004 -30"><span class='ocrx_word' id='word_1_333' title='bbox 848 3956 867 4008; x_wconf 79' lang='lat'>5</span> <span class='ocrx_word' id='word_1_334' title='bbox 1113 3973 1116 3979; x_wconf 93' lang='grc'><em>,</em></span> 
     </span>
    </p>
   </div>
   <div class='ocr_carea' id='block_1_5' title="bbox 0 0 1322 4400">
    <p class='ocr_par' dir='ltr' id='par_1_7' title="bbox 0 0 1322 4400">
     <span class='ocr_line' id='line_1_45' title="bbox 0 0 1322 4400; baseline 0 0"><span class='ocrx_word' id='word_1_335' title='bbox 0 0 1322 4400; x_wconf 95' lang='lat' dir='ltr'><strong> </strong></span> 
     </span>
    </p>
   </div>
  </div>
 </body>
</html>
