2634 4400
585 295 650 357 157

512 385 726 402 *tw

126 523 198 584 opus
216 503 290 562 euim
310 501 438 560 mortuiis
456 521 553 560 monus
573 511 628 573 est,
659 512 690 562 et
707 504 877 562 necessario
903 522 989 562 seusu
1016 514 1108 564 emet.

123 591 167 648 Tu
186 608 259 666 engo
278 585 381 646 odorus
399 586 605 658 insensibilem,
627 607 689 646 cum
709 591 900 666 unusquisque
918 588 1027 646 babens
1045 609 1112 647 sen-

125 693 199 743 sum,
221 691 275 732 noc
295 691 330 730 en
348 669 460 748 quidem
488 669 776 756 ccedet-odonandu,
806 691 880 750 quae
907 691 925 730 o
951 672 1009 732 deo
1034 674 1112 731 luctu

125 769 192 817 sunt
210 769 241 816 et
258 756 365 815 babent
382 773 507 826 sonsum,
529 754 557 816 id
577 767 621 813 est
639 756 742 827 solem,
763 767 794 815 et
811 758 915 829 lunam,
935 758 981 816 vel
1000 758 1109 829 stellas,

65 857 69 865 ·
126 843 279 920 omniaque
298 841 417 919 quaein
436 841 520 898 coelo
540 851 605 900 sunt
627 851 657 898 et
675 851 896 918 superterram.
922 841 1026 900 lustum
1038 843 1111 899 cuim
1187 889 1192 900 .

126 937 238 1006 putant,
259 945 314 983 non
335 944 371 983 eo
389 943 461 1002 quoe
481 943 533 1003 pro
552 924 647 982 muudi
665 927 824 984 ministerio
852 927 929 984 lacte
955 937 1030 995 sunt,
1060 927 1112 984 sed

126 1014 252 1090 ipsorum
272 1021 302 1068 et
319 1009 414 1067 muudi
435 1011 519 1067 totius
539 1020 700 1068 erectorem
729 1009 837 1069 debere
864 1012 1012 1082 venenosiq
1043 1031 1113 1087 guu-

127 1096 198 1154 dent
216 1097 290 1153 enim
310 1095 395 1152 etiam
415 1093 499 1164 baec,
521 1110 584 1152 cnm
601 1095 650 1153 ille
670 1093 807 1153 odonam
825 1107 855 1155 et
872 1095 987 1162 colitur,
1009 1115 1063 1153 noc
1079 1097 1112 1152 li-

127 1182 234 1238 benten
250 1179 406 1257 accipiunt,
427 1189 458 1236 ut
484 1179 576 1238 bonon
605 1182 747 1240 onestonis
775 1191 926 1238 creaturae
951 1179 1109 1258 deleretur.

126 1265 274 1342 Exceptus
293 1265 367 1322 euim
387 1273 431 1322 est
449 1261 602 1322 deisolius
622 1265 725 1335 cultus,
751 1266 798 1342 qui
809 1265 886 1323 solus
897 1266 1043 1323 increatus
1053 1275 1110 1334 est,

127 1350 224 1408 omnia
242 1358 336 1406 sutem
355 1359 473 1406 caetero
492 1349 603 1406 lactura
622 1350 684 1407 eius
711 1359 787 1406 sont.
835 1348 918 1407 Sicut
944 1367 1017 1424 engo
1044 1369 1112 1426 pno-

128 1435 219 1512 pniutu
239 1444 284 1492 est
302 1433 428 1510 ejusqui
447 1432 524 1490 solus
539 1453 595 1490 nou
607 1434 764 1503 estluctus,
785 1431 868 1491 deum
880 1448 956 1502 esso,
977 1435 1111 1491 itnomne

127 1517 328 1597 quodloctum
348 1527 402 1587 est,
424 1516 494 1574 deus
512 1529 581 1590 vqs
602 1537 656 1575 uon
677 1527 731 1577 est.

172 1602 226 1662 Π.
274 1601 350 1678 Anto
370 1603 464 1660 omniu
483 1620 554 1677 euge
578 1599 744 1679 intelliqen‘e
771 1602 884 1662 debetis
911 1599 1112 1680 deceptionem

127 1688 272 1765 serpentis
289 1687 396 1764 antiqui
421 1697 451 1744 et
478 1683 597 1745 collidas
624 1688 686 1745 eius
713 1689 928 1765 suggestiones,
958 1687 1006 1765 qni
1033 1688 1113 1765 quusi

126 1792 181 1852 per
198 1769 376 1850 prudentiam
396 1768 503 1848 decipit
520 1791 583 1841 vos,
605 1781 634 1830 ct
652 1771 730 1830 velut
747 1774 859 1831 natione
878 1770 996 1850 quodum
1024 1771 1115 1849 serpit

130 1877 185 1936 per
204 1874 304 1915 sensus
322 1866 450 1925 vestros,
468 1865 553 1933 atque
572 1855 688 1934 abipso
707 1858 818 1915 vertice
837 1857 978 1935 incipiens
999 1875 1054 1934 por
1070 1857 1113 1913 in-

129 1942 255 2000 teriores
274 1939 408 1998 dilubitnn
425 1937 574 2012 medullas,
595 1941 703 2000 lucrum
722 1961 852 2020 magnum
876 1952 1043 2022 compotens
1061 1939 1113 1999 dc·
1184 1973 1189 1987 ι

129 2027 293 2104 ceptionem
311 2036 446 2083 vestram.
495 2025 646 2084 lutensem't
670 2045 742 2104 engo
769 2028 899 2087 sensibus
922 2028 1024 2085 vesteis
1052 2027 1113 2104 opi·

128 2113 231 2170 niones
250 2129 480 2188 quorumeunque
500 2108 629 2182 deorum,
650 2121 757 2170 tuntum
776 2123 807 2170 ut
824 2133 874 2171 vos
893 2111 928 2170 ab
956 2112 1038 2169 unius
1066 2110 1112 2168 dei

127 2206 251 2255 revocet
269 2194 337 2266 lide,
358 2196 454 2255 sciens
474 2208 621 2274 peccatum
639 2208 765 2255 vestrum
784 2218 864 2255 suum
883 2216 948 2255 esse
967 2195 1110 2253 solatium.

128 2281 181 2341 Ille
201 2281 275 2349 culm
295 2300 347 2358 pro
365 2282 492 2358 nequitia
511 2300 562 2339 sua
579 2280 614 2337 ab
633 2280 715 2338 initio
735 2291 839 2338 teneam
864 2280 953 2338 edere
976 2277 1113 2337 condem-

128 2376 284 2435 natusest,
307 2376 425 2443 psopter
443 2384 505 2423 eum
534 2381 615 2441 quom
644 2362 680 2421 de
706 2375 786 2421 tensa
812 2362 980 2433 adsumtum,
1010 2363 1112 2421 iterum
1149 2352 1160 2423 ,⁸

128 2450 326 2509 resolvilocit
343 2451 371 2508 in
390 2458 507 2519 tensum,
529 2466 616 2525 usque
644 2446 680 2506 od
705 2458 816 2527 tempus
843 2468 899 2527 quo
925 2448 1036 2505 uniusne
1061 2466 1112 2504 ve-

128 2546 207 2593 stme
226 2553 280 2612 pen
298 2536 394 2611 ignem
413 2533 561 2593 traductae
580 2544 766 2611 reparentur,
795 2534 870 2591 sicut
895 2533 966 2591 olins
994 2530 1029 2589 de
1056 2531 1112 2589 boc

127 2619 240 2699 plenius
260 2617 457 2678 edocebimus.
504 2618 548 2675 Ex
566 2619 629 2695 ipso
649 2638 722 2695 engo
740 2630 806 2676 suut
825 2636 923 2677 omnes
947 2633 1064 2675 errores
1082 2625 1113 2673 et

128 2704 343 2781 ambiguitates,
364 2703 464 2782 quibus
482 2703 517 2763 ab
537 2704 618 2763 unius
638 2702 685 2763 dei
704 2700 760 2762 lide
788 2713 819 2762 et
845 2701 1016 2762 credulitate
1042 2720 1112 2758 con·

127 2788 291 2847 turbemini.

174 2872 228 2931 ill.
275 2873 313 2931 Et
330 2876 422 2951 primo
442 2876 563 2933 omnium
582 2874 698 2933 subiicit
716 2873 938 2951 cogitationibus
956 2873 1110 2942 bominum,

127 2969 161 3016 ut
179 2976 215 3015 no
234 2956 350 3015 audiunt
366 2958 454 3017 verbu
472 2960 618 3030 veritatis,
647 2978 701 3037 pen·
718 2978 796 3037 quoe·
819 2960 955 3016 mulorum
977 2960 1113 3034 ignorun-

128 3044 197 3100 tium
216 3041 328 3115 lugent.
374 3041 411 3098 Et
429 3043 484 3100 boo
504 3044 573 3099 lecit
591 3045 671 3120 quusi
690 3041 845 3101 occasione
873 3044 991 3101 ulterius
1018 3041 1112 3097 scien-

127 3127 200 3195 tioe,
221 3122 394 3182 adseverans
413 3126 455 3183 eis
473 3127 548 3183 illam
572 3128 735 3204 opinionem
764 3146 820 3204 qna
847 3122 961 3183 utuntur
987 3124 1110 3201 plunimi,

128 3222 161 3268 ut
179 3218 280 3287 putent
298 3226 329 3267 se
348 3226 415 3267 reos
434 3210 544 3268 futuros
563 3231 619 3268 non
639 3230 704 3269 esse
723 3212 747 3269 si
766 3212 793 3267 in
813 3211 974 3287 ignorantia
992 3209 1110 3276 fuerint,

129 3313 185 3353 nec
204 3291 368 3351 reddituros
383 3300 452 3353 'esse
470 3295 611 3355 rationem
630 3314 684 3373 pro
703 3296 746 3354 bis
770 3313 842 3373 quae
870 3314 927 3352 non
954 3292 1110 3362 audierint,

130 3389 161 3437 et
179 3377 246 3435 idco
265 3398 281 3435 n
298 3378 388 3435 verbo
409 3376 555 3438 declinere
575 3400 626 3439 eos
644 3380 746 3438 suadet
763 3378 899 3437 nudiuum.
948 3376 1006 3437 Sed
1034 3377 1112 3433 acci-

129 3464 189 3541 pite
209 3472 310 3519 eontra
328 3462 418 3521 baec:
438 3465 499 3541 ipsu
517 3466 768 3542 persemetipsum
787 3465 948 3541 ignorantie
971 3461 1112 3521 validissi-

129 3563 203 3604 nunnn
222 3565 360 3605 venenum
380 3558 436 3618 est,
457 3547 532 3625 quod
550 3550 676 3607 sulliciot
689 3550 821 3619 animam,
843 3549 918 3607 nulla
932 3548 1112 3605 extrinsecus

130 3631 260 3707 quaesita
278 3630 455 3703 adiectione,
475 3634 630 3710 perimere.
677 3632 715 3690 Et
733 3631 800 3691 idco
819 3652 902 3690 nonno
918 3628 1112 3708 estquiigno-

130 3734 208 3785 cans,
229 3734 282 3791 pen
299 3715 354 3773 boc
375 3715 450 3794 quod
469 3717 594 3793 ignorat,
616 3715 729 3787 evadat,
750 3715 803 3774 sod
826 3726 936 3773 centum
964 3724 1008 3771 est
1035 3711 1110 3794 quod

129 3800 264 3859 interest.
307 3793 489 3859 'Naturaliter
506 3802 580 3860 cuim
599 3810 783 3879 peccatorum
801 3801 844 3857 vis
859 3798 995 3856 interimit
1005 3803 1110 3875 peccu-

129 3892 235 3941 tuconi.
284 3880 341 3941 Sed
361 3885 491 3962 quonium
511 3884 646 3944 iudicium
664 3884 836 3947 rationabile
855 3884 922 3954 enit,
952 3882 1110 3959 munigno·
