2634 4400
667 276 734 338 tot

595 371 808 385 -ι-Ια-σ-Ι-

214 489 355 547 continuo
376 487 502 546 lacrimis
526 484 647 544 iudosus
673 481 790 543 concidi
810 498 897 560 supra
913 482 1057 541 iacentem
1074 490 1197 540 matrem

215 587 245 632 ct
263 574 385 632 osculari
405 593 467 631 eant
486 572 583 649 coepi.
630 569 719 627 Simul
729 569 804 626 euim
813 578 845 626 ut
853 565 960 636 audivi
979 566 1124 644 paullatim
1135 566 1198 624 vul

143 717 153 736 ,
214 669 272 717 tum
291 659 352 717 eius
370 656 540 716 revocabam
558 653 595 714 ad
613 655 778 713 memoriam
800 663 832 712 et
856 653 955 710 notior
980 651 1048 708 mibi
1074 651 1199 709 intuenti

214 754 294 802 tanto
313 745 404 820 magis
422 743 520 800 fiebat.
553 738 730 800 Multitudo
722 737 837 797 interim
854 734 1047 796 conveniebat
1063 737 1196 814 plurima,

215 827 334 888 audieus
353 827 428 906 quod
446 828 547 886 mulier
565 844 637 904 puae
656 823 695 882 ad
710 825 814 902 stipem
832 821 985 900 petendam
995 819 1129 891 sedebat,
1149 841 1199 886 re-

216 897 333 990 coguitd
351 923 430 972 esset
447 933 464 969 a
483 913 541 970 lilio
560 931 611 969 suo
629 912 693 968 uiro
711 908 834 986 quodam
848 908 938 972 bono.
983 906 1103 964 Etcum
1125 907 1199 965 veli·

216 1019 277 1058 unns
295 999 445 1055 confestim
465 997 620 1072 enavigare
638 1016 677 1054 ex
694 994 798 1064 insula,
817 1003 910 1051 mater
926 993 968 1050 ait
989 990 1026 1049 ad
1051 991 1199 1050 meabili

216 1082 398 1152 dulcissime,
418 1092 526 1140 ructum
546 1090 590 1138 est
607 1091 639 1138 ut
654 1077 813 1138 valedicam
839 1078 1025 1136 mulierculae
1052 1095 1126 1155 quae
1152 1096 1200 1136 me

216 1167 355 1243 suscepit,
375 1176 421 1226 cst
438 1167 513 1223 euim
532 1183 623 1241 egeus
641 1175 672 1221 et
689 1165 865 1242 paralytica,
893 1164 994 1220 iacens
1019 1162 1048 1219 in
1075 1162 1197 1220 lectulo.

217 1251 325 1326 Quibus
347 1249 451 1308 auditis
470 1249 572 1308 Petrus
590 1259 620 1306 et
638 1266 738 1306 omues
756 1249 803 1325 ιιι
821 1246 955 1318 aderant,
972 1245 1116 1306 admirati
1133 1257 1200 1304 sunt

216 1336 373 1395 bonitatem
392 1354 426 1394 ac
445 1331 622 1413 prudentiam
651 1334 797 1402 feminae,
825 1342 857 1389 et
882 1335 1020 1390 continuo
1043 1332 1127 1390 iussit
1144 1330 1200 1390 Pe-

216 1433 277 1480 ιιιε
295 1419 376 1479 abire
395 1418 532 1498 quosdam
550 1430 581 1478 et
597 1417 716 1476 deferre
733 1417 881 1475 mulierem
898 1417 927 1474 in
946 1417 1052 1474 lectulo
1061 1415 1110 1475 ubi
1120 1418 1201 1474 iace-

216 1505 276 1565 bat.
322 1505 450 1584 Cumque
469 1506 571 1562 luisset
587 1502 683 1562 adlata
701 1513 732 1561 et
753 1503 782 1560 in
809 1499 904 1560 medio
931 1502 1034 1560 turbae
1059 1499 1200 1560 adstantis

217 1592 322 1670 posita,
343 1591 371 1648 iu
390 1601 547 1668 conspeetu
566 1591 689 1646 omnium
711 1588 814 1647 Petrus
838 1589 895 1656 ait:
925 1586 958 1644 Si
982 1587 1115 1644 ueritatis
1141 1605 1201 1663 ego

218 1697 277 1734 sum
288 1696 408 1754 praeeo,
428 1672 697 1732 adeoulirmandauu
715 1672 801 1731 fidem
819 1671 920 1730 borum
938 1671 1063 1732 omnium
1081 1672 1130 1750 qui
1148 1671 1201 1733 ttd-

218 1763 331 1831 sistuut,
350 1770 382 1818 ut
397 1761 493 1832 sciant
509 1769 540 1818 ct
557 1757 680 1817 credaut
697 1759 763 1837 qnia
780 1777 853 1816 unus
870 1767 915 1816 est
931 1755 1004 1815 deus
1020 1757 1068 1833 ιιι
1086 1756 1202 1814 coelum

218 1846 290 1905 iecit
315 1865 349 1903 ao
377 1856 495 1915 terram,
523 1845 552 1902 in
579 1845 694 1902 nomine
720 1843 786 1902 lesu
813 1842 921 1900 Cbristi
938 1843 990 1900 lilii
1007 1843 1080 1912 eius,
1100 1852 1203 1919 surgat

217 1931 292 1988 baec
309 1931 422 1988 mulier.
468 1929 506 1986 Et
523 1931 617 2004 statim
635 1940 667 1988 ut
684 1929 757 1986 baec
774 1927 907 1998 dixisset,
934 1929 1063 1986 surrexit
1082 1947 1154 1985 sana
1172 1937 1204 1984 et

217 2012 345 2092 procidit
360 2013 395 2071 ad
414 2011 504 2092 pedes
522 2012 613 2083 Petri,
634 2025 720 2091 atque
737 2015 857 2072 amicam
874 2033 952 2071 suam
974 2033 1015 2071 ac
1032 2012 1203 2070 familiarem

217 2099 327 2158 osculis
343 2109 457 2177 petens,
478 2097 704 2176 percontabatur
719 2097 757 2156 ab
776 2119 811 2158 ea
828 2096 896 2176 quid
913 2097 990 2156 istud
1011 2108 1092 2156 esset
1108 2117 1202 2174 nego-

220 2187 263 2243 tii.
309 2181 349 2243 dt
366 2185 414 2242 illa
430 2182 560 2243 breviter
577 2203 689 2243 omnem
708 2185 737 2243 ei
750 2182 880 2245 ordinem
889 2184 1045 2262 agnitionis
1053 2183 1200 2263 exposuit,

217 2274 260 2329 ita
276 2282 309 2328 ut
326 2272 412 2329 etiam
431 2268 532 2329 turbae
549 2269 698 2329 adstantes
715 2272 899 2329 mirarentur.
1030 2326 1034 2331 .

262 2354 321 2416 94.
366 2356 435 2415 Τιιιι
463 2355 565 2414 Petrus
591 2354 628 2413 de
655 2354 713 2415 lide
739 2355 788 2414 dei
813 2374 848 2414 ae
874 2356 1025 2433 religionis
1051 2355 1201 2437 institutis,

217 2440 342 2521 quodad
359 2462 393 2500 se
409 2441 583 2521 pertinebat,
604 2442 632 2499 ιιι
643 2452 776 2519 quantun
794 2452 905 2519 tempus
922 2440 1085 2520 patiebatur
1102 2440 1204 2518 loquu-

219 2538 266 2585 tus
282 2525 318 2584 ud
337 2526 446 2597 turbas,
465 2525 546 2585 addit
563 2527 647 2585 etiam
657 2526 726 2597 boc,
746 2538 778 2584 ut
794 2528 820 2584 si
837 2528 899 2604 quis
916 2527 1006 2585 uellet
1022 2524 1060 2586 de
1077 2524 1123 2584 bis
1138 2524 1204 2584 dili·

220 2612 334 2689 gentius
344 2630 480 2681 noscere,
494 2610 667 2669 Antioebauu
675 2612 801 2682 ueniret,
819 2611 868 2669 ubi
876 2611 979 2682 tribus,
999 2612 1102 2690 iuquit,
1122 2630 1204 2671 meu·

220 2696 299 2755 sibus
315 2698 464 2754 statuimus
481 2694 613 2755 residere
632 2708 664 2755 et
679 2717 753 2776 quae
768 2695 808 2756 ad
828 2698 949 2757 suluteuu
966 2699 1114 2775 pertinent
1131 2696 1204 2756 edo-

221 2800 303 2842 cere.
354 2779 387 2838 Si
414 2782 501 2852 enim,
530 2782 636 2859 inquit,
665 2781 834 2859 negotiandi
860 2801 963 2841 caussa
986 2793 1039 2840 aut
1062 2780 1204 2851 militandi

220 2866 340 2945 patriam
358 2866 522 2942 relinquunt
539 2863 722 2924 hominesue
739 2878 887 2945 parentes,
906 2878 938 2926 et
953 2868 1058 2945 longas
1069 2868 1205 2945 peregri-

158 2964 164 2971 ·
220 2950 352 3009 nntioues
370 2949 467 3008 subire
485 2969 542 3007 uon
561 2961 699 3022 metuunt,
717 2971 771 3030 pro
788 2953 848 3011 vita
863 2964 985 3014 aeterua
1001 2953 1094 3011 tribus
1102 2953 1205 3011 saltem

220 3035 365 3095 mensibus
382 3037 577 3115 peregrinari,
597 3056 650 3095 eur
667 3057 822 3096 onerosum
842 3037 976 3097 rideatur
1000 3056 1036 3096 ae
1063 3037 1205 3097 difficile?

221 3120 348 3200 Cumque
366 3122 440 3181 baec
458 3133 489 3182 et
506 3122 563 3181 alia
579 3122 624 3180 bis
640 3123 745 3180 similia
760 3121 893 3193 dixisset,
921 3142 980 3201 ego
997 3123 1110 3181 ιιιιιιι
1128 3143 1204 3201 quae

128 3276 135 3288 ι
218 3218 389 3287 susceperat
405 3218 523 3267 matrem
542 3218 573 3266 et
589 3208 741 3266 ειιιιιιιιιιι
750 3219 906 3285 receperat
914 3228 968 3286 per
977 3208 1106 3279 Petruuu,
1125 3208 1204 3267 mille

220 3290 371 3351 drachmas
388 3291 502 3364 donavi,
522 3303 553 3351 et
569 3292 769 3369 praesentibus
786 3294 899 3351 ouuetis
915 3292 1114 3353 eoru-eudavi
1139 3312 1205 3351 ιιιι

221 3375 333 3434 euidauu
350 3378 413 3433 uiro
431 3376 521 3447 bono,
539 3378 677 3455 primario
694 3376 771 3434 illius
788 3377 897 3455 oppidi,
916 3380 965 3457 ιιι
982 3389 1015 3437 et
1029 3378 1158 3436 libenter
1170 3397 1204 3437 se

219 3461 360 3520 iacturum
379 3460 455 3538 quod
473 3460 682 3539 inperabunus
697 3461 864 3539 spopondit.
908 3461 971 3521 Sed
997 3473 1029 3521 et
1052 3464 1118 3522 aliis
1140 3463 1205 3541 qui·
1250 3477 1257 3495 ⁴

219 3542 337 3602 busdauu
355 3543 558 3621 aliquantulum
575 3546 718 3623 pecuniae
743 3545 887 3617 distribui,
914 3558 947 3606 et
962 3548 1019 3607 illis
1035 3548 1206 3610 mulieribus

221 3648 294 3707 quae
312 3626 465 3707 uliquaudo
482 3631 592 3689 solatae
610 3628 806 3690 dicebantur
796 3633 960 3691 uniseriis
967 3644 1088 3691 ιιιιιιιιι
1096 3650 1203 3705 meam,

221 3714 322 3817 quibus
339 3726 370 3772 et
387 3715 495 3792 gratius
512 3714 608 3775 retuli
654 3714 694 3773 Et
709 3727 777 3794 post
791 3716 867 3776 baec
883 3737 941 3777 uua
953 3738 1019 3777 cun
1031 3729 1207 3813 utreeurt-

219 3800 376 3874 uigauiunus
392 3796 579 3861 dotandum.

264 3880 321 3941 ιδ.
367 3883 494 3964 Cumque
513 3888 690 3958 emissemus
706 3886 745 3945 ud
760 3888 915 3965 bospitiuun
930 3899 1025 3948 nater
1049 3891 1204 3967 reponere
