2634 4400
218 525 296 587 modi
323 525 541 606 disputationem
568 515 724 605 per-lenita
750 523 882 583 bomines
907 510 1038 603 perani,
1067 526 1204 605 priusque

218 615 302 672 linem
325 614 402 671 vitae
420 611 568 670 inveniunt
584 626 668 689 quom
686 610 895 689 quaestion.
989 645 995 652 -

259 694 318 758 62.
365 694 615 755 montearpon
634 695 791 754 hisonauin
816 694 976 753 babeanmr
1006 696 1137 765 incerta,
1165 695 1204 753 ad

218 800 318 843 verum
334 782 504 861 proplietam
520 778 694 843 veniendum
710 789 767 851 cst,
787 797 870 857 quem
897 778 971 838 deus
994 790 1081 857 pater
1102 781 1203 839 volens

174 873 178 881 ’
217 868 252 927 ab
272 868 399 926 omnibus
419 865 510 944 diligi,
531 867 603 924 baec
623 884 696 943 quae
714 864 844 923 homiues
859 862 1043 933 induxerunt,
1062 865 1202 943 inquibus

217 953 285 1012 nihil
305 962 401 1031 potest
418 950 607 1029 adprehendi,
637 950 726 1009 uoluit
752 950 865 1028 penitus
884 951 1087 1027 exstinguere,
1117 960 1148 1007 ut
1165 970 1202 1009 eo

217 1039 308 1115 magis
327 1038 381 1097 iste
401 1046 601 1115 quaereretur,
623 1046 652 1093 et
670 1054 751 1113 quem
763 1033 803 1092 illi
818 1035 1012 1107 obcluserunt,
1024 1032 1070 1092 hic
1082 1034 1203 1106 homini-

217 1124 269 1182 bus
287 1124 361 1181 viom
380 1121 510 1179 ueritatis
529 1121 668 1199 aperiret.
717 1115 840 1198 Propter
857 1121 931 1179 bunc
951 1121 1024 1177 euim
1036 1118 1203 1179 deusctiom

140 1262 142 1269 ,
218 1204 348 1267 mundum
359 1206 432 1265 iecit
442 1216 471 1264 et
485 1204 520 1264 ab
530 1207 593 1283 ipso
604 1200 722 1264 mundus
732 1205 873 1284 repletur,
894 1204 970 1263 unde
989 1216 1019 1263 et
1037 1208 1203 1283 quaerenti-

217 1290 269 1352 bus
287 1312 325 1351 se>
338 1291 421 1351 adest
439 1288 554 1371 ubique,
576 1291 688 1349 etiamsi
706 1292 735 1347 in
754 1291 859 1348 ultimis
878 1301 974 1349 terroe
993 1289 1096 1348 linibus
1115 1308 1203 1369 quae·
1230 1326 1233 1331 ν

217 1389 308 1438 ratur.
357 1376 388 1436 Si
407 1394 477 1435 vcro
497 1395 552 1433 non
572 1394 644 1454 pure
664 1395 727 1435 cum
747 1373 809 1454 quis
827 1394 882 1433 uec
900 1386 1000 1435 sancte
1019 1394 1112 1455 neque
1131 1374 1203 1434 fide-

217 1465 285 1523 liter
304 1473 433 1542 quaerat,
454 1463 529 1520 iutra
547 1462 636 1539 ipsum
655 1460 769 1539 quidem
788 1472 843 1532 est,
864 1462 938 1539 quin'
948 1460 1051 1539 ubique
1067 1471 1111 1522 est
1120 1461 1204 1519 etin-

218 1561 262 1607 tra
281 1568 381 1607 sensus
400 1549 523 1607 omnium
541 1547 701 1618 invenitur;
725 1544 778 1605 sed
794 1556 827 1604 ut
844 1566 929 1625 supra
948 1544 1079 1617 diximus,
1100 1545 1203 1604 inlide-

219 1634 291 1693 libus
311 1632 414 1692 dormit
433 1644 462 1692 et
479 1631 582 1692 nbsens
599 1630 723 1691 babetur
739 1631 794 1702 bis,
823 1652 839 1689 a
859 1630 958 1709 quibus
977 1650 1042 1689 esse
1061 1652 1118 1689 uon
1136 1650 1203 1690 ere·

219 1719 306 1778 ditur.
353 1718 478 1797 Cumque
497 1717 569 1776 baec
588 1727 618 1775 et
639 1716 696 1775 alin
713 1713 872 1775 huiusmodi
891 1716 992 1775 Petrus
1008 1713 1123 1777 devera
1133 1736 1203 1794 pro-

218 1806 305 1884 pheta
322 1814 512 1883 prosequutus
531 1812 621 1873 esset,
641 1800 739 1860 turbas
766 1800 886 1873 dimisit,
915 1821 1012 1861 senem
1040 1822 1110 1861 vero
1138 1821 1202 1860 eum

219 1900 353 1967 rogasset
370 1889 519 1966 plurimum
538 1906 708 1966 permonere
727 1885 886 1987 nobiscum,
915 1887 1047 1947 obtinere
1075 1909 1132 1947 uon
1151 1910 1204 1967 po-

218 1976 283 2045 tuit,
303 1972 358 2031 sed
375 1972 482 2052 etipse
501 1970 644 2043 discessit,
665 1973 721 2030 alia
739 1958 785 2030 die
804 1972 878 2030 sicut
886 1974 1034 2051 placuerat
1043 1972 1200 2032 rediturus

218 2058 257 2117 Er
274 2068 341 2158 post
358 2056 431 2116 liaeo
449 2077 502 2115 nos
520 2075 576 2115 una
594 2073 658 2117 cum
678 2056 764 2115 Petro
791 2057 915 2135 ingrcssi
941 2058 1105 2138 hospitium,
1135 2058 1201 2117 cibo

220 2155 250 2206 et
269 2145 364 2226 quiete
384 2142 470 2204 solito
490 2142 602 2204 utimur.

605 2406 818 2418 *ψ-

478 2706 686 2794 Liber
718 2640 946 2791 nouus.

261 2879 291 2938 l.
339 2877 477 2956 Sequenti
496 2874 543 2937 die
562 2875 664 2937 Petrus
682 2897 738 2938 uua
755 2877 901 2938 nobiscum
921 2889 1029 2938 mature
1047 2876 1200 2952 adlocum,

218 2966 246 3024 in
266 2983 321 3044 qno
339 2963 432 3044 pridie
451 2963 547 3024 tabita
565 2963 662 3024 iuerat
679 2963 846 3046 disputatio,
866 2965 1042 3045 properavit,
1057 2975 1144 3044 atque
1161 2963 1204 3024 ibi

220 3069 283 3110 eum
300 3050 460 3130 plurimas
453 3071 508 3111 ram
526 3045 562 3110 ad
582 3047 753 3113 audiendum
771 3049 940 3110 convenisse
951 3049 1049 3108 turbas
1059 3060 1089 3108 et
1102 3069 1202 3111 senen

219 3157 283 3196 cum
302 3137 344 3195 eis
361 3133 485 3208 videret,
506 3137 546 3194 ait
564 3133 601 3195 ad
619 3149 699 3194 eum:
725 3135 867 3196 Hesterna
886 3134 944 3208 die,
973 3157 991 3194 o
1010 3155 1120 3207 senex,
1138 3155 1202 3195 cnm

220 3221 370 3281 Clemente
388 3222 538 3300 placuerat
554 3231 585 3280 ut
603 3217 690 3280 bodie
709 3241 802 3281 sermo
822 3221 920 3292 lieret,
941 3231 972 3280 et
988 3232 1038 3280 aut
1055 3232 1085 3280 tu
1104 3232 1202 3280 osten-

220 3306 306 3366 deres
324 3306 393 3365 nibil
413 3317 496 3366 extra
513 3307 643 3386 genesim
661 3305 738 3378 fiori,
757 3317 806 3364 ant
824 3304 956 3365 Clemens
976 3305 1097 3366 doceret
1110 3326 1202 3384 gene·

219 3392 272 3450 sim
292 3412 349 3450 non
367 3407 431 3450 esse
452 3389 543 3466 [scd
535 3413 563 3450 ιι
583 3389 666 3449 nobis
676 3402 706 3450 et
715 3411 744 3448 m
753 3401 852 3450 nostro
862 3403 1007 3470 potestate
1017 3391 1117 3452 haberi
1128 3412 1200 3472 quae

219 3477 372 3556 gerimus].
417 3473 468 3538 Ad
483 3477 555 3536 haec
574 3494 665 3534 senex
682 3466 848 3556 respondit:
868 3470 1202 3557 litquidplacueritrne-

219 3563 299 3634 mini,
320 3573 351 3622 et
367 3571 416 3620 tuo
432 3561 522 3620 verba
539 3572 626 3620 teneo
646 3580 719 3642 quae
728 3573 794 3642 post
802 3562 952 3642 pactmnes
967 3563 1098 3642 loquutus
1112 3582 1155 3634 es,
1172 3564 1199 3637 1)

219 3683 420 3701 -μ--ῴ-οι

256 3747 282 3806 ¹)
299 3751 328 3796 [u
347 3748 418 3796 codd.
436 3749 519 3810 bipes.
536 3748 638 3799 ominata
656 3750 701 3810 iia,
716 3764 782 3810 quae
800 3765 882 3812 nuque
898 3737 937 3798 a'd
950 3765 1006 3812 cap.
1025 3754 1058 3798 16
1075 3752 1141 3799 med.
1157 3765 1201 3798 se·

219 3819 342 3876 quantur,
357 3817 395 3864 sic
404 3818 510 3878 legitur:
527 3819 680 3878 loquutur
698 3832 738 3866 aa.
755 3819 876 3866 Deinde
893 3822 1086 3880 prosecutus
1103 3833 1201 3866 senex

219 3883 497 4000 libili-illocertum
514 3890 563 3933 eat
579 3886 656 3934 mihi
674 3889 704 3933 et
721 3889 800 3935 bene
817 3887 891 3936 novi
908 3888 981 3947 quia
995 3889 1200 3949 ‘eom-pagino-
