2634 4400
571 288 636 351 tue

503 376 716 393 n—-l-ma--n--a

8 530 9 571 t
113 513 272 574 quaeseum
291 504 321 552 et
339 493 461 553 libenter
480 492 842 572 suscepturumeredimus,
865 496 1100 575 tanquamaliliis

8 586 9 615 ³
111 592 238 659 patrem,
259 577 311 637 sed
329 589 358 637 et
376 590 482 646 tectum
503 578 583 639 uobis
603 589 632 637 et
650 580 735 637 vitam
754 599 932 640 communem
951 581 1016 639 lore
1034 600 1101 641 ere·

113 664 217 723 dimus.
265 664 344 723 llaee
364 684 427 723 eum
445 684 499 727 nos
517 662 693 735 diceremus,
714 674 744 723 et
761 665 811 723 ille
829 666 980 743 primarios
999 668 1100 725 eivita-

8 768 9 771 ’
112 752 152 811 tis
170 770 277 810 summa
303 751 330 809 vi
355 760 385 807 et
402 748 603 809 blandimentis
621 750 749 827 plurimis
767 750 894 810 avellere
913 770 931 809 a
949 751 1031 810 nobis
1050 772 1101 810 ou-

112 846 199 915 peret
215 824 325 906 senem,
347 855 400 893 nos
417 854 487 893 vero
507 854 543 893 eo
562 835 759 895 vehementius
776 836 978 908 retineremus,
1008 838 1100 896 omnis

112 920 234 1001 populns
252 918 422 993 adclamavit
440 930 471 979 ut
489 917 557 979 illud
574 922 665 997 magis
683 920 743 991 liat,
773 919 848 998 quod
866 921 920 1000 ipsi
938 921 1036 999 placet
1052 941 1100 981 se·

8 1058 10 1067 .
113 1008 159 1078 ni;
182 1016 292 1064 etcum
312 1006 451 1065 silentium
472 1006 576 1063 lactum
595 1007 709 1076 luisset,
729 1025 821 1065 senex
838 1007 997 1067 iuramento
1014 1026 1100 1088 prae·
1186 1020 1189 1028 ’

113 1092 206 1163 venit,
227 1089 344 1149 disens:
369 1089 463 1150 stodie
482 1089 556 1168 apud
575 1091 680 1151 nullum
698 1090 820 1151 manebo
837 1096 932 1170 neque
949 1092 985 1152 ab
1004 1090 1100 1171 aliquo

115 1178 265 1255 quiequam
284 1176 447 1253 suscipiam,
469 1178 509 1234 uti
529 1196 565 1235 ne
584 1176 704 1237 alterius
721 1176 840 1236 dileetio
864 1178 983 1237 alterius
1010 1179 1101 1237 tristi·

114 1264 155 1321 tia
174 1261 238 1334 liat3
267 1262 340 1319 baec
360 1261 435 1321 enim
455 1258 632 1347 postmodnm
660 1262 685 1319 si
697 1262 791 1323 ,visum
809 1263 914 1336 luerit,
942 1263 1007 1323 lieri
1033 1284 1100 1342 pos·

114 1356 192 1407 sunt.

157 1428 226 1499 56..
261 1431 298 1507 llt
316 1450 380 1491 eum
398 1432 469 1491 bauo
489 1431 609 1491 dixisset
627 1450 733 1503 senen,
763 1431 865 1491 Petrus
882 1433 924 1491 eit
940 1431 976 1492 ad
994 1433 1100 1512 prima·

8 1510 10 1543 ³
114 1518 188 1578 mum
207 1518 347 1576 civitatis:
378 1518 515 1589 Quoniam
539 1519 629 1575 nostri
657 1518 824 1595 praesentia
849 1516 952 1576 bonam
970 1519 1100 1577 volunta·

116 1613 267 1663 tumtunm
286 1600 448 1674 ostendisti,
469 1602 580 1662 tristem
598 1612 627 1663 te
646 1622 704 1662 noo
721 1612 838 1681 oportet
854 1602 1027 1679 abseedere,
1047 1602 1101 1665 sed

115 1688 292 1765 accipiemus
310 1687 360 1745 abs
379 1698 408 1745 te
427 1689 547 1765 gratiam
567 1707 619 1766 pro
638 1688 745 1766 gratia,
773 1685 885 1747 domum
912 1698 996 1747 tuam
1015 1690 1100 1749 nobis

116 1772 251 1843 ostende,
272 1783 302 1832 et
319 1792 459 1851 praepara
478 1792 538 1831 eam
557 1784 588 1833 ut
606 1774 733 1831 erastino
751 1771 904 1851 disputatio
923 1776 1100 1851 quaelutura

8 1858 9 1863 ’
116 1869 162 1918 est
179 1857 219 1915 ibi
237 1856 387 1927 habeatur,
407 1859 479 1917 etsi
498 1860 545 1936 qui
563 1858 662 1918 volunt
678 1856 781 1923 adesse
799 1856 836 1917 ad
853 1857 1023 1919 audiendum
1034 1879 1100 1938 per·

8 1970 9 2003 t
116 1945 275 2002 mittantur.
323 1943 401 2015 Quae
421 1962 484 2001 cum
501 1942 630 2003 audisset
647 1945 754 2021 primus
772 1944 897 2003 civitatis
919 1943 1001 2004 valde
1019 1947 1100 2023 gavi·

116 2048 164 2087 sus
192 2039 247 2097 est,
277 2028 328 2087 sed
355 2039 386 2087 et
412 2030 503 2091 omnis
526 2030 647 2110 populus
666 2030 791 2091 libenter
807 2027 924 2089 audivit.
973 2030 1100 2110 Cumque

116 2113 449 2185 discessissenttnrbae,
471 2112 581 2175 domum
593 2114 822 2187 sumostendit,
842 2114 995 2175 discedere
1004 2127 1099 2176 autem

117 2210 147 2259 et
166 2219 256 2258 senex
275 2200 382 2278 eoepit.
429 2200 493 2278 Ego
512 2213 607 2260 tamea
627 2202 675 2259 uni
693 2220 730 2263 ea
747 2200 928 2279 pedissequis
950 2203 1021 2260 meis
1047 2203 1100 2262 im·

116 2287 217 2364 peravi
236 2285 307 2344 clam
326 2285 458 2362 subsequi
477 2286 626 2362 vestigium
644 2286 735 2356 senis,
756 2295 787 2342 et
804 2283 919 2348 discere
936 2285 984 2344 ubi
1001 2305 1100 2345 mane·
1205 2299 1208 2306 “

8 2379 9 2422 f
116 2381 174 2429 ret.
220 2368 282 2430 Nos
299 2381 394 2430 autem
413 2391 475 2430 eum
494 2369 666 2428 redissemus
675 2367 711 2427 ad
721 2369 886 2447 hospitium,
906 2371 1100 2431 enarravimus
1172 2435 1177 2440 ,

8 2465 9 2472 ’
118 2456 213 2516 omnia
231 2456 365 2517 iratribus
386 2475 457 2534 qnae
477 2454 559 2515 nobis
578 2475 640 2514 eum
658 2473 729 2514 sene
747 2453 844 2514 babila
861 2465 936 2525 sunt,
957 2457 1044 2515 etita
1062 2476 1100 2516 ex

117 2560 198 2598 more
217 2540 282 2600 eibo
301 2551 393 2600 sumto
412 2541 614 2619 requievimus.

160 2625 215 2685 57.
263 2625 317 2684 Ille
336 2636 429 2686 autem
449 2635 567 2704 postera
585 2625 687 2685 Petrus
705 2635 814 2686 mature
833 2645 955 2704 surgens
977 2628 1099 2687 suseita-

8 2707 10 2794 ᾖ
117 2712 159 2771 vit
176 2731 239 2781 nos,
261 2723 291 2770 et
308 2713 486 2789 perreximus
504 2711 612 2791 pariter
630 2709 666 2770 ad
685 2712 778 2770 loourn
797 2723 958 2782 secretum,
986 2713 1015 2770 in
1043 2733 1099 2791 qao

30 2806 35 2815 ·
118 2807 149 2855 et
167 2796 259 2874 pridie
278 2797 416 2856 orationis
435 2815 536 2860 caussa
553 2797 817 2883 fueramusqatque
836 2796 903 2857 inde
916 2800 1100 2876 postoratio·

8 2865 15 2962 l
117 2901 182 2944 nem
202 2879 266 2940 dum
284 2883 445 2942 veniremus
464 2882 500 2942 ad
519 2884 702 2942 constitutam
720 2880 847 2954 domum,
868 2885 897 2942 in
916 2885 1020 2944 itinere
1038 2905 1100 2943 mo·
1178 2882 1182 2888 ’

118 2967 206 3026 nebat
223 2983 276 3024 nos
295 2964 410 3027 dicens:
432 2965 538 3029 Audite
556 2987 600 3026 me
620 2969 754 3026 conservi
772 2967 966 3038 dilectissimi,
995 2967 1099 3028 bonnm

117 3061 164 3110 est
181 3060 213 3106 ut
229 3053 419 3129 unnsquisque
437 3063 560 3112 vestrum
587 3049 742 3112 seeundum
771 3050 847 3129 qued
872 3062 979 3128 potest,
1008 3055 1100 3131 prosit

117 3132 324 3196 suceedentibus
342 3135 377 3194 ad
397 3135 481 3194 lidem
500 3136 649 3212 religionis
668 3146 796 3207 nostrae,
817 3146 848 3194 et
869 3135 945 3196 ideo·
963 3156 1021 3195 ooo
1048 3157 1099 3196 vos

118 3223 219 3300 pigeat
236 3217 391 3278 seeundum
409 3221 589 3299 sapientiam,
610 3239 684 3299 quae
700 3220 783 3280 uobis
805 3239 859 3300 per
876 3219 923 3280 dei
946 3220 1100 3300 provideo·
1121 3213 1125 3217 ¹

119 3308 185 3366 tiam
205 3305 310 3364 collata
328 3316 373 3364 est
391 3304 579 3378 disserentes,
600 3305 742 3373 instruere
751 3307 869 3383 ignaros
879 3317 910 3385 et
918 3305 1038 3379 dooere,
1056 3309 1100 3366 ita

118 3401 212 3450 tannen
231 3399 262 3472 ut
280 3390 323 3450 bis
343 3383 416 3469 quoe
434 3411 451 3450 a
469 3412 513 3452 me
532 3391 651 3450 audistis
670 3401 701 3450 et
718 3391 823 3450 tradita
838 3402 906 3451 snut
922 3391 1020 3464 vobis,
1048 3412 1100 3454 ve·
1136 3420 1141 3427 ¹

119 3478 171 3534 stri
189 3486 295 3540 tantum
314 3478 454 3536 sermonis
473 3477 664 3556 eloquentiam
682 3477 812 3536 soeietis.
837 3475 901 3536 Nee
912 3476 1018 3557 aliquid
1031 3499 1100 3557 pro·

118 3562 209 3640 prium
227 3571 257 3620 et
275 3560 351 3640 quod
368 3562 449 3620 vobis
468 3581 525 3621 non
544 3572 587 3620 est
607 3561 738 3624 traditum
748 3563 968 3641 proloquamini,
989 3564 1101 3624 etiamsi

118 3645 200 3706 vobis
217 3647 373 3706 verisimile
392 3646 534 3718 videatur,
553 3646 606 3706 sed
624 3667 671 3718 ea,
691 3657 723 3706 ut
739 3645 810 3719 dixi,
831 3650 976 3727 quaeipse
993 3669 1012 3708 a
1028 3667 1099 3708 vero

118 3729 260 3810 propbeta
278 3743 412 3812 suscepta
429 3731 510 3792 vobis
525 3730 643 3804 tradidi,
663 3733 888 3811 prosequamini,
918 3733 1029 3793 etiamsi
1046 3734 1100 3792 mi·

119 3835 171 3874 nus
189 3816 292 3895 plenae
310 3815 483 3877 adsertionis
501 3836 567 3876 esse
584 3815 767 3878 videbuntur.
813 3816 887 3876 llino
913 3819 989 3878 enim
1012 3837 1099 3898 saepe

120 3901 262 3980 contingit
280 3899 429 3964 declinare
447 3901 583 3982 quosdam
601 3922 619 3962 n
635 3903 771 3975 veritato,
799 3899 865 3962 dum
892 3904 1020 3983 speeie·
1042 3903 1098 3964 sibi
