2634 4400
603 259 648 326 ttt

131 483 194 531 tam
212 482 302 548 usque
320 463 357 528 ad
374 465 596 548 appellationem
623 489 681 530 non
698 465 829 551 recepit?
855 464 922 542 Noa
945 469 1020 534 enim
1038 472 1116 555 quod

132 567 179 616 est
196 569 250 634 pet·
267 555 341 616 haee
358 553 461 628 huiet3
482 557 537 614 iata
552 551 648 616 ‘autaut
677 551 714 616 de
731 556 787 616 deo
807 555 907 620 dicere
924 553 1039 640 impium
1056 571 1111 622 ost.

130 640 286 701 Manifesta
304 641 379 698 eninr
398 650 444 700 est
461 640 504 700 his
531 642 578 720 qni
602 641 650 701 vel
677 640 819 703 modicum
845 641 988 723 quidpiam
1013 643 1114 707 videre

131 736 267 805 possunt,
287 725 336 785 illa
353 727 490 804 ingeniti,
518 725 715 806 impassibilis,
743 727 840 786 inuata
865 727 1034 788 substantia·
1081 728 1114 790 Si

130 828 203 870 vero
222 821 252 869 et
269 821 336 889 post
352 810 528 870 nativitatem
546 807 704 870 substantia
728 825 869 890 nunquam
895 810 932 872 ad
958 808 1115 877 morrono

130 912 196 954 nem
215 896 341 954 surrexit
358 905 388 954 et
405 895 461 954 hoe
480 907 598 955 numero
617 894 734 967 distans,
754 916 810 957 nee
828 899 903 956 enini
922 909 967 958 est
982 892 1114 977 Autopa-

130 991 190 1052 tor,
210 980 266 1039 hoc
285 989 330 1038 est
347 979 401 1039 sibi
420 981 474 1060 ipsi
493 991 593 1060 pater3
614 979 757 1060 quomodo
775 1002 831 1041 non
848 979 941 1062 magis
951 978 1113 1044 innascibili

131 1079 274 1124 consensu
292 1079 462 1143 permanere
481 1065 628 1144 diligeret,
648 1064 725 1145 quod
742 1066 1030 1145 ingenitu=.quidem
1049 1079 1114 1128 erat

130 1148 301 1220 substantia,
321 1150 459 1226 genitura
471 1169 542 1210 vero
561 1151 590 1210 in¹
608 1148 773 1211 dualitatem
788 1150 976 1213 dinumerata.
1023 1149 1113 1212 liuius

127 1254 250 1313 namque
278 1235 527 1296 inconvenientiae
555 1246 647 1294 mater
674 1235 787 1314 quidem
814 1246 860 1295 est
885 1238 1049 1314 ignorantia
1075 1236 1112 1298 de

129 1317 199 1390 deo,
220 1319 406 1397 cooperatrix
423 1335 492 1380 vero
512 1330 543 1378 et
555 1337 640 1378 soror
648 1321 827 1399 negligentia
839 1320 876 1379 de
886 1316 988 1400 spirito
996 1333 1109 1383 saneto.

130 1400 256 1482 Spiritus
281 1414 375 1462 antem
402 1416 517 1480 sanetus
542 1401 645 1483 pignus
671 1404 710 1464 ad
735 1407 984 1466 conservationem
1011 1425 1112 1470 eorum

129 1508 203 1567 quae
221 1506 238 1547 a
257 1487 370 1546 domiuo
390 1487 456 1547 data
474 1500 539 1548 suut
556 1488 639 1548 nobis
659 1496 754 1568 (quern
772 1509 829 1551 non
848 1500 915 1568 post
931 1485 1034 1550 mittor
1048 1486 1112 1552 dies

128 1573 311 1632 assumtionis
334 1574 395 1633 eius
421 1575 621 1652 accepimus),
640 1572 814 1653 habetqnod
831 1585 877 1634 est
892 1573 929 1635 alt
946 1575 1108 1652 unigenito,

127 1658 293 1737 plenissima
311 1655 468 1718 declaratio
486 1657 599 1718 vimutis
617 1659 695 1732 eina;
724 1655 799 1718 siout
819 1659 984 1737 unigenitus
1001 1669 1033 1719 et
1049 1679 1112 1719 om·

127 1744 204 1801 nium
223 1743 430 1821 primogenitus
448 1744 542 1821 imago
561 1753 607 1803 est
624 1743 805 1804 immutabilis
822 1744 970 1822 ingenitae
982 1745 1108 1815 virtutis,

126 1827 223 1904 imago
241 1827 356 1886 seilicet
372 1825 468 1900 unica,
496 1826 676 1888 immaculata
701 1847 833 1900 maneus,
860 1829 999 1890 visionem
1026 1828 1110 1907 iuge·

126 1913 180 1970 niti
197 1913 317 1970 oumsit
333 1911 464 1984 visibilis,
484 1923 612 1992 praestat
629 1912 856 1992 intelligibilibus
869 1924 900 1973 et
908 1911 1108 1987 sensibilrlrosr

127 2016 184 2076 qno
202 1994 287 2055 medo
305 1997 330 2056 si
349 1998 411 2076 quis
428 1998 518 2057 selem
535 1997 617 2058 verbi
635 1998 731 2076 gratia
752 1996 908 2059 ostendere
934 1999 1034 2058 volens
1060 2009 1110 2058 aut

125 2081 203 2140 aliud
221 2080 338 2159 aliquid,
358 2079 402 2140 his
413 2083 458 2162 qui
478 2103 535 2143 uon
553 2093 673 2161 possunt
690 2101 744 2161 per
760 2102 793 2143 se
811 2084 891 2162 ipsos
912 2101 976 2143 eum
993 2081 1108 2155 videre,

84 2200 88 2205 ·
125 2169 164 2227 sit
182 2177 275 2225 antem
294 2167 350 2225 illis
368 2166 526 2227 necessitas
544 2165 644 2228 videre
662 2167 763 2240 solem,
783 2180 946 2247 temperans
963 2164 1108 2228 obtutibus

108 2246 216 2332 'ipsam
235 2253 448 2325 necessitatem,
469 2272 523 2336 por
540 2252 687 2331 speculum
713 2251 827 2331 quidem
844 2253 933 2311 solent
952 2248 1108 2313 ostendere

124 2337 254 2408 festinat,
275 2348 305 2395 et
322 2358 378 2395 non
397 2338 487 2396 solem
505 2337 632 2396 afferens
646 2336 741 2395 inlicit
758 2336 894 2415 specultt3
923 2337 963 2396 ita
988 2347 1019 2397 et
1045 2338 1107 2395 nai·
1205 2414 1210 2424 1

124 2422 320 2500 genitns'ipse
339 2420 452 2499 quidem
480 2422 624 2499 ingenitus
642 2438 699 2479 nou
718 2431 775 2492 eat,
794 2417 951 2498 ingenitum
972 2438 1044 2483 vere
1061 2431 1107 2481 to·

124 2517 182 2565 tam
201 2507 229 2565 iu
248 2526 280 2569 se
299 2505 475 2566 demonstrat
491 2506 624 2565 virtutem
643 2522 706 2564 eum
724 2506 762 2564 sit
779 2506 897 2567 talliae
922 2510 1019 2568 tantus
1044 2504 1107 2567 dei·

123 2601 202 2663 tate3
222 2588 257 2649 ab
276 2591 320 2671 lpis
338 2608 407 2651 vero
427 2591 549 2671 quinon
568 2589 725 2669 diligenter
747 2590 935 2671 inquisierunt
961 2592 1106 2669 ingenitos

123 2675 338 2754 suspicabatum'
352 2675 426 2754 apud
445 2697 515 2756 quos
534 2692 603 2735 vero
622 2674 773 2753 praeeedit
789 2676 850 2755 ipsa
868 2672 1013 2754 inquisitio
1022 2676 1106 2735 timo·

122 2780 185 2821 rent
204 2758 262 2831 dei,
283 2780 339 2819 non
358 2762 447 2821 solem
466 2760 566 2821 discors
584 2759 691 2840 aliquid
709 2761 766 2820 tato
783 2766 920 2821 recusant
940 2758 993 2821 aed
1020 2757 1106 2821 etiam
1196 2811 1205 2833 ,

123 2846 256 2922 cogitare
275 2857 388 2905 curent.
434 2846 504 2907 Cum
523 2862 594 2924 ergo
613 2861 685 2907 unns
703 2846 741 2905 sit
757 2845 902 2922 ingenitus
919 2854 950 2905 et
963 2864 1034 2905 nnus
1052 2865 1106 2923 ge·

122 2930 213 3001 nitus,
232 2930 348 3009 spiritus
366 2942 481 2991 sauctus
500 2929 573 2989 lilius
591 2929 649 2990 diei
667 2950 725 2991 non
742 2940 849 3009 potest,
878 2949 934 2989 nee
959 2931 1105 3009 primoge-

122 3016 216 3087 nitus3
236 3015 330 3072 lactus
349 3025 394 3074 est
416 3016 490 3074 enirn
509 3034 562 3094 per
579 3014 698 3086 facturn,
718 3015 992 3075 subeonnumeratnr
1010 3023 1105 3074 unwan

121 3097 195 3179 patri
215 3108 246 3157 et
264 3098 333 3168 lilio,
354 3108 494 3177 tamquam
512 3101 631 3177 primurn
649 3097 768 3157 monadi
786 3117 839 3177 per
860 3096 966 3157 laetum
992 3096 1105 3159 virtutis
1226 3096 1232 3111 ‘

121 3182 312 3262 signaculum.
358 3182 470 3243 Etenim
488 3184 554 3263 ipse¹
573 3184 663 3262 patris
680 3182 786 3243 'ferens
813 3180 1028 3261 aequipondera
1052 3200 1104 3241 vo·

120 3269 242 3339 lentate,
263 3268 377 3326 innatae
388 3270 621 3347 perseverantiae
632 3268 660 3325 in
671 3269 795 3345 imagine
806 3267 1020 3345 operationem,
1039 3277 1105 3345 post

121 3352 280 3430 ingenitum
311 3362 523 3431 consequenter
547 3354 623 3412 liene
649 3345 870 3412 connumeratos
885 3427 888 3431 Ι
905 3361 961 3410 est.
1014 3350 1104 3413 dlulta

121 3448 217 3496 autern
243 3447 274 3495 et
301 3437 356 3495 alia
383 3436 419 3497 de
437 3448 518 3517 patre
546 3449 577 3497 et
602 3438 664 3495 lilio
690 3444 721 3496 et
737 3438 839 3516 spiritu
856 3446 957 3495 saneto
974 3434 1104 3499 breviter

120 3521 206 3581 nobis
223 3532 254 3580 et
268 3521 418 3581 evidenter
427 3524 572 3601 exposuit,
591 3532 622 3581 ut
636 3541 736 3581 omnes
753 3518 905 3581 audientes
921 3522 1100 3591 miraremur,

121 3605 266 3684 quomodo
293 3605 422 3667 homines
449 3606 591 3667 derelicta
608 3608 731 3670 veritate
749 3607 883 3665 conversi
909 3604 1032 3665 suntad
1053 3624 1103 3665 ta·

120 3692 266 3765 nitatem]
403 3754 407 3763 f
1165 3743 1168 3747 Α

167 3775 222 3834 19.
270 3774 329 3835 Sed
348 3795 411 3835 cunr
429 3775 570 3835 illuxisset
589 3774 662 3847 dies,
691 3774 838 3853 ingressus
864 3771 1039 3852 estquidam
1059 3770 1102 3829 di-
1167 3765 1172 3780 ‘

122 3878 209 3918 cens:
228 3858 380 3919 Multitudo
398 3860 517 3941 plurima
536 3870 686 3939 exspectat
702 3862 731 3919 in
750 3860 837 3931 atrio,
839 3878 888 4000 61ῐὲ
904 3876 1022 3937 quorun
1040 3876 1101 3917 me·
