2634 4400
591 235 637 298 ‘lii

124 445 268 500 ineramus
295 443 478 520 paucissimi,
508 461 647 520 processu
674 443 800 514 dierum,
830 440 1020 524 adstipulante
1043 446 1104 506 -deo
1164 462 1168 480 ·

123 529 212 587 multo
231 527 328 605 plures
347 545 427 605 quam
446 528 488 586 illi
507 527 716 600 elliciebamur,
732 531 777 587 ita
794 540 825 588 ut
842 523 995 608 aliquando
1014 534 1105 610 perti-

122 621 287 671 mescerent
312 610 493 682 sacerdotes,
522 631 558 671 ae
586 614 662 671 lorte
689 633 743 692 per
769 612 815 674 dci
834 615 1041 692 providentiam
1060 615 1106 685 ad
1189 647 1194 656 ⁴

124 697 322 756 confusionem
341 697 477 774 ipsorum,
499 698 526 755 ia
554 696 638 756 ddem
666 710 791 759 nostram
814 701 963 759 universus
984 703 1106 779 populus

124 783 308 856 convenirct3
339 783 506 860 frequenter
532 784 678 842 mittentes
704 783 741 841 ad
767 805 819 842 nos
837 785 993 862 rogabant,
1014 797 1045 843 ut
1062 787 1106 845 cis
1145 851 1150 859 ¹

124 866 160 928 de
180 865 244 925 lesu
262 865 483 937 dissereremus,
513 869 538 925 si
557 869 619 946 ipse
639 880 718 928 esset
739 869 881 947 propbeta
912 889 995 947 quem
1022 869 1106 949 bloy-

123 971 171 1011 ses
197 949 351 1030 praedixit,
382 954 427 1029 qui
455 961 500 1009 est
526 951 656 1011 Christus
683 964 830 1013 aeternus.
876 952 920 1012 De
947 955 1002 1012 boc
1030 949 1131 1015 enim'
1220 1017 1224 1030 ⁸

124 1038 186 1095 solo
205 1035 288 1094 nobis
306 1037 354 1114 qui
373 1035 545 1094 credidimus
564 1039 592 1094 in
612 1035 716 1108 lesum,
737 1037 886 1097 adversum
906 1059 962 1096 nou
982 1039 1123 1098 creden.

123 1131 169 1180 tes
188 1119 308 1180 ludaeos
334 1120 448 1184 videtur
470 1139 535 1182 esse
554 1120 728 1181 dillcrentia.
763 1121 869 1182 Verum
889 1143 951 1181 cum
971 1125 1108 1202 l'requcn·

123 1217 171 1265 ter
187 1225 275 1284 super
292 1206 347 1264 boc
366 1217 515 1283 rogarent,
536 1212 588 1266 aus
607 1217 701 1266 autem
721 1219 909 1286 opportunum
929 1218 1040 1286 tenipus
1058 1228 1107 1266 re·

124 1292 313 1370 quirercmus,
343 1292 502 1369 septimana
529 1292 583 1349 lam
611 1313 667 1350 una
694 1311 730 1351 ex
749 1294 883 1372 passione
901 1293 1008 1350 donrlai
1028 1313 1107 1351 com·

124 1375 257 1455 plebntnr
275 1395 424 1447 annorum,
445 1377 572 1446 ecclesia
591 1376 697 1434 donnini
717 1379 745 1435 in
770 1378 946 1436 Hierusalem
967 1381 1106 1436 constitu·

121 1473 153 1519 ta
172 1461 370 1539 copiosissime
389 1461 576 1542 multiplicata
594 1461 748 1523 crescebat
764 1481 819 1541 pcr
844 1462 994 1532 laeobum,
1024 1465 1071 1540 qui
1089 1483 1108 1519 a
1142 1464 1149 1533 ’ζ
1175 1506 1181 1518 .

124 1545 239 1604 donnino
259 1543 405 1604 ordinatus
424 1547 514 1604 estin
535 1564 569 1604 ea
589 1550 754 1628 episcopus,
775 1548 943 1606 rectissimis
957 1547 1107 1626 dispeusa-
1146 1548 1150 1569 ¹

123 1630 249 1690 tionibus
268 1629 437 1708 gubernata.
710 1632 712 1635 ’
814 1659 828 1686 ο

166 1713 222 1774 dd.
270 1715 338 1773 Cum
367 1727 460 1774 autem
488 1735 540 1776 nos
567 1713 720 1776 duodecim
747 1715 880 1795 Apostoli
904 1714 940 1775 ad
958 1715 1033 1775 diem
1052 1715 1107 1774 Pa-

124 1800 212 1861 schae
231 1819 294 1860 eum
313 1802 423 1878 ingenti
443 1800 620 1861 multitudine
639 1804 887 1872 convenissemus,
912 1803 1037 1879 ingressi
1056 1821 1106 1859 cc-

124 1885 240 1945 elesiam
261 1887 378 1944 lratrum
398 1887 589 1963 unusquisque
608 1898 758 1957 nostrum,
775 1885 881 1945 lacobo
909 1889 1109 1964 interrogante

124 1989 198 2050 quae
217 1991 234 2028 a
252 1969 335 2028 nobis
362 1989 415 2048 per
441 1971 506 2029 loca
524 1971 636 2052 singula
654 1983 737 2051 gesta
759 1973 826 2042 siat,
847 1970 982 2030 audiente
1001 1971 1107 2062 pppulo

96 2056 254 2120 -breviter'
272 2057 450 2134 exponimus.
498 2055 529 2114 ln
557 2057 658 2134 quibus
685 2057 810 2134 Caipbas
837 2057 983 2134 pontifex,
1013 2057 1108 2114 missis

125 2140 162 2201 ad
181 2161 232 2200 nos
250 2140 460 2213 sacerdotibus,
482 2151 567 2219 rogat
585 2143 684 2201 venire
703 2140 800 2213 adse,
821 2153 852 2200 ut
870 2152 918 2200 aut
932 2140 1109 2200 rationcdo-
1206 2172 1210 2180 ·

125 2245 240 2286 ceamus
260 2244 333 2296 cunr,
355 2228 421 2305 quia
440 2228 518 2291 lesus
537 2238 672 2291 aeternus
691 2238 736 2286 cst
750 2227 890 2304 Christos,
912 2236 960 2285 aut
978 2230 1040 2305 ipse
1055 2247 1108 2283 nos

125 2311 241 2381 doceat,
271 2314 338 2389 quia
363 2332 418 2376 non
447 2324 502 2381 est,
532 2330 587 2389 quo
614 2314 642 2369 iu
670 2312 834 2369 utramlibet
856 2311 940 2388 lidum
958 2312 1108 2369 universus
1160 2341 1164 2352 «

125 2398 247 2475 populus
261 2399 450 2468 conveniret3
475 2408 506 2456 et
523 2395 579 2453 hoc
598 2397 698 2455 lacere
717 2416 769 2453 nos
796 2396 965 2472 frequenter
992 2407 1105 2453 exorat.
1167 2422 1199 2468 ῃ

124 2482 188 2539 Nos
205 2500 275 2540 vcro
295 2501 383 2559 saepe
403 2481 572 2553 distulimus,
592 2492 704 2558 tempus
722 2498 837 2558 semper
855 2482 1042 2557 opportunius
1060 2500 1109 2537 re-

124 2568 283 2647 quirentes.
330 2566 367 2624 Et
385 2586 442 2643 ego
461 2566 593 2625 Clemens
612 2566 748 2643 respondi
768 2565 804 2623 ad
828 2565 899 2623 hoe:
928 2564 1005 2623 'Puto
1032 2564 1108 2643 quod

126 2662 156 2710 ct
174 2652 228 2710 boe
248 2653 337 2731 ipsum
358 2650 432 2731 quod
452 2652 609 2731 quaeritur,
630 2662 722 2709 utrum
741 2652 804 2729 ipse
822 2652 859 2707 sit
877 2648 1017 2731 Christus,
1036 2650 1109 2708 mu'l-

125 2748 183 2795 tum
203 2739 296 2815 prosit
314 2736 350 2795 ad
369 2736 436 2795 fidei
455 2739 608 2806 rationem,
629 2736 736 2814 alioqui
755 2754 903 2813 numquam
914 2736 1045 2813 pontifex
1055 2756 1108 2812 pro

125 2822 181 2884 boc
200 2833 257 2881 tam
276 2823 445 2900 frequenter
463 2830 593 2899 rogaret,
615 2832 646 2878 ut
664 2819 700 2879 de
718 2821 834 2892 Christo
852 2822 898 2878 rel
918 2819 1045 2878 disceret
1061 2821 1108 2877 rel

126 2906 258 2965 doceret.
305 2906 342 2963 Et
361 2906 477 2965 Petrus:
500 2907 590 2965 Recte
609 2906 794 2984 respondisti,
817 2904 987 2965 oClcmcas.
1027 2904 1109 2963 Sicut

125 2994 201 3058 enim
229 2992 290 3053 sine
318 2992 411 3049 oculis
439 3010 561 3049 cernere
588 3010 672 3049 nemo
700 3002 809 3069 potest,
839 3010 894 3049 uec
912 2992 973 3048 siae
993 2988 1109 3047 curribus

125 3094 236 3153 ¹capere
254 3074 390 3145 auditum,
410 3077 455 3134 vel
476 3076 582 3153 absque
610 3076 725 3133 naribus
745 3075 905 3144 odoratum,
935 3092 1028 3151 aeque
1046 3076 1108 3131 siae

126 3162 225 3237 llogua
244 3168 354 3237 gustum
374 3178 497 3229 sumere,
519 3170 567 3216 aut
584 3158 691 3235 absque
709 3159 838 3227 manibus
857 3157 962 3234 aliquid
973 3168 1109 3217 contrec-

46 3254 50 3261 '
126 3256 206 3309 tare:
228 3246 268 3303 ita
286 3244 463 3323 impossibile
483 3252 542 3314 cst,
573 3241 679 3321 absque
697 3262 769 3301 vero
789 3242 934 3321 Propheta
961 3262 1033 3321 quae
1053 3240 1108 3303 deo

128 3332 263 3409 placeant
281 3326 415 3387 noscere.
462 3328 500 3387 Et
518 3348 574 3407 ego
594 3327 747 3405 respondi:
778 3325 860 3401 Quod
883 3329 946 3405 ipse
965 3328 1002 3385 sit
1022 3347 1109 3399 remus

128 3414 269 3493 propheta
288 3414 428 3487 Gbristus,
449 3425 478 3473 tc
498 3414 622 3472 docente
645 3414 699 3471 iam
720 3411 823 3485 didici,
844 3411 895 3471 sed
914 3410 981 3491 quid
999 3414 1036 3470 sit
1053 3414 1108 3471 boc

128 3502 230 3577 ipsum,
253 3500 392 3569 Christus,
414 3510 462 3557 aut
480 3518 531 3557 cur
549 3501 588 3557 ita
607 3499 781 3576 appelletur,
809 3500 894 3556 uelim
914 3498 1039 3569 discere,
1069 3501 1109 3579 nti
1138 3498 1145 3512 “

129 3604 164 3649 po
183 3604 257 3662 vaga
275 3584 342 3643 mihi
360 3586 397 3642 sit
415 3594 445 3643 ct
462 3586 574 3643 incerta
593 3585 636 3641 rei
654 3594 752 3642 tantae
771 3585 885 3658 notitia.

170 3668 226 3727 db.
272 3670 351 3729 Tune
380 3668 481 3728 Petrus
510 3668 618 3728 docere
645 3688 690 3727 me
717 3669 772 3726 boe
792 3667 876 3726 modo
896 3670 1009 3745 eoepit:
1031 3666 1109 3725 Deus

128 3774 191 3815 eum
210 3756 329 3814 lecisset
346 3753 488 3824 mundum,
517 3766 647 3832 tanquam
675 3755 869 3812 universitatis
896 3752 1025 3814 domiuus
1052 3754 1109 3809 sin-

129 3841 202 3916 golis
221 3840 377 3919 quibusque
396 3841 537 3900 creaturis
556 3840 703 3918 principes
717 3841 835 3911 statuit,
857 3839 1051 3916 ipsisquoquc
1063 3857 1109 3896 ar-
