2634 4400
112 490 302 552 considerare
321 502 349 550 to
367 510 454 569 posse
474 493 718 569 procidissent,
739 504 823 570 :atquo
843 495 997 550 immensae
1020 491 1094 550 iliius

111 579 185 636 lueis
204 578 352 634 scientiam
372 595 489 654 capere,
510 587 577 654 puto
597 577 624 633 ei
644 578 690 653 qni
709 578 757 634 ilia
783 587 878 655 potest
905 577 1094 653 conspreben-
1176 629 1182 633 .

112 662 198 733 dere,
218 662 329 720 facilius
349 680 414 718 esse
438 672 468 718 ut
494 680 606 718 sensum
629 681 707 718 suun:
736 664 782 738 qui
811 662 877 720 iiiuc
896 662 975 720 norit
992 679 1094 718 ascon-

112 745 197 817 dere,
218 747 246 802 in
266 746 384 807 alicuius
403 755 528 804 nostrum
548 747 594 822 qui
613 743 785 815 adsistimus,
806 765 860 804 cor
877 755 1016 822 etpoetus
1030 745 1095 802 inii-

113 833 173 888 ciat
191 841 222 892 et
240 828 328 900 dieat,
358 850 427 907 quas
445 826 477 887 in'
493 849 528 887 eo
548 831 741 906 cogitationes
759 839 853 906 gerat.
901 829 933 887 Si
952 849 1024 905 orgo
1043 850 1094 906 po·

112 927 158 974 tes
177 915 296 974 alicuius
315 925 452 984 nostrum,
473 915 524 991 qui·
538 925 631 970 tamen
652 934 707 970 non
726 916 764 972 sit
782 934 854 991 erga
871 915 998 972 favorem
1018 925 1093 972 tuaru
1177 923 1182 930 “

112 1009 285 1076 occupatus,
315 999 469 1056 enunciare
497 999 689 1075 cogitationes
715 999 831 1069 cordis,
860 1000 1018 1076 poterimus
1044 998 1095 1054 tibi

111 1085 238 1142 fortasse
258 1081 392 1154 credere,
413 1081 488 1160 qarod
507 1093 536 1140 et
555 1101 589 1142 ea
607 1098 682 1159 quae
699 1103 787 1161 super
805 1085 904 1142 coelos
922 1094 998 1152 suut,
1018 1083 1094 1140 scire

112 1169 255 1246 potueris,
276 1167 345 1225 iicet.
363 1168 410 1225 ilia
428 1167 515 1226 multo
534 1169 590 1226 sint
608 1168 742 1226 celsiora.

155 1249 212 1310 66.
258 1249 305 1309 Ad
324 1251 395 1310 baec
415 1251 529 1309 Simon:
551 1252 603 1324 Qui
623 1271 705 1322 vero,
726 1253 827 1330 inquit,
848 1253 949 1312 :nubas
976 1252 1094 1311 naenias

112 1336 242 1411 terruisti,
263 1333 330 1393 audi
354 1337 407 1410 iam
436 1355 521 1395 nnnc.
569 1335 747 1414 impossibiie
774 1348 819 1395 cst
846 1357 929 1395 omne
957 1336 1031 1414 quod
1059 1335 1095 1392 ad

113 1421 319 1498 cogitationem
339 1420 458 1478 bominis
476 1421 598 1488 venerit,
620 1441 675 1477 non
695 1422 780 1478 etiarn
800 1423 910 1498 reipsa
927 1422 1094 1478 serenitate

113 1505 289 1576 subsistere:
309 1523 381 1582 quae
401 1506 474 1562 enim
494 1525 548 1582 non
568 1503 735 1573 subsistunt,
756 1525 810 1563 nec
828 1505 955 1582 speciem
975 1504 1092 1574 babent,

113 1608 187 1668 quae
215 1599 308 1648 autem
336 1589 463 1666 speeiem
491 1608 547 1648 non
575 1588 696 1659 babent,
717 1608 771 1647 nec
791 1590 959 1668 cogitationi
977 1598 1097 1667 possunt

113 1691 284 1733 occurrere.
330 1673 367 1730 Et
385 1673 502 1732 Petrus:
533 1671 565 1730 Si
584 1678 678 1743 omne,
704 1674 805 1750 inquit,
834 1672 964 1751 qnodad
983 1675 1095 1748 cogita-

113 1760 221 1817 tionem
240 1757 339 1815 venire
355 1747 463 1834 potest,
484 1757 621 1828 subsistit,
642 1758 725 1815 istum
745 1757 910 1836 quemdicis
925 1768 1101 1823 extremum,
1150 1749 1157 1767 “

12 1847 14 1882 ³
114 1842 180 1900 dnm
200 1861 265 1900 esse
284 1841 480 1900 immensitatis
500 1842 605 1912 locum,
625 1843 649 1899 si
669 1861 730 1900 eum
751 1845 813 1920 quis
833 1843 860 1900 in
875 1841 965 1900 corde
983 1862 1034 1899 suo
1052 1843 1095 1900 iu·
1124 1854 1128 1861 '

114 1946 180 1984 men
208 1945 272 1984 esse
300 1927 422 2002 cogitet,
451 1926 522 1984 aiios
549 1945 619 1984 vcro
647 1927 793 1997 tenebras,
819 1926 960 2004 utromodo
989 1927 1096 2004 poterit

113 2031 186 2080 unm¹
197 2021 282 2087 atque
301 2009 475 2072 idemdoeus
495 2009 649 2068 secundum
669 2029 731 2082 cos,
753 2012 798 2089 qui
819 2011 932 2070 diuersa
951 2010 1096 2069 deeoco·

114 2097 256 2173 gitarunt,
287 2105 317 2153 et
344 2095 435 2153 iumen
464 2113 529 2152 esse
556 2105 586 2154 et
605 2095 762 2154 tenebrae?
788 2095 827 2154 Et
845 2095 960 2154 Simon:
990 2094 1095 2154 Omitte

113 2199 191 2239 nnnc
208 2180 263 2239 ista
281 2199 353 2257 quae
381 2200 436 2257 ego
460 2177 533 2253 dixi,
563 2189 592 2237 tu
611 2177 678 2257 quid
705 2200 771 2239 esse
789 2190 873 2258 putes
891 2176 978 2258 super
995 2180 1096 2246 corios

114 2264 216 2323 dicito.
920 2318 923 2324 .

157 2347 220 2411 67..
258 2347 430 2407 EtPetrus:
465 2348 495 2407 Si
515 2346 550 2418 de
568 2368 650 2417 vero,
672 2349 771 2425 inquit,
801 2349 882 2406 fonto
901 2348 1012 2406 luminis
1031 2366 1096 2404 cre-

115 2432 213 2503 deres,
234 2452 346 2510 possem
367 2445 395 2491 te
415 2431 534 2503 docere,
555 2431 622 2510 quid
641 2443 672 2489 et
689 2430 831 2511 quomodo
850 2444 929 2491 essct
950 2430 1027 2509 quod
1044 2432 1095 2489 im-

114 2537 241 2576 mensum
261 2528 315 2587 cst,
337 2528 367 2575 et
384 2538 439 2575 non
459 2517 634 2595 phantasiam
654 2537 765 2587 tranem,
794 2515 846 2575 sed
873 2527 1096 2593 consequentem

116 2613 147 2661 et
164 2604 357 2659 necessariam
377 2603 517 2661 rationem
536 2600 689 2659 redderem
707 2602 852 2672 veritatis,
881 2621 937 2660 nec
955 2600 1097 2659 adsertio-

115 2686 199 2745 nibus
217 2686 397 2764 sophisticis,
435 2686 486 2745 sed
515 2687 588 2763 legis
607 2697 637 2744 et
655 2696 775 2745 naturae
796 2687 965 2745 testimoniis
983 2696 1094 2755 uterer,

114 2782 146 2828 ut
164 2771 257 2828 scires
277 2772 340 2848 quia
359 2773 555 2829 immensitatis
583 2770 666 2831 sidem
695 2772 851 2849 praecipue
871 2772 1021 2834 continet
1036 2771 1094 2829 lex.

116 2852 199 2927 Quod
218 2856 241 2913 si
260 2855 457 2913 immensitatis
475 2857 549 2915 ratio
568 2876 624 2914 nou
645 2856 714 2913 latet
732 2857 838 2933 legem,
867 2857 936 2913 nibil
963 2856 1097 2932 proiecto

115 2937 192 2997 aliud
218 2958 281 3019 eam
308 2940 400 2998 intere
427 2950 539 3017 potest,
556 2952 599 2999 ct
616 2938 683 2997 idco
702 2942 802 2998 falsum
822 2952 878 3011 est,
899 2938 975 3018 quod
992 2938 1098 3016 putasti

116 3042 181 3083 esse
200 3022 305 3100 aliquid
324 3023 399 3100 quod
418 3025 533 3099 ignoret
550 3024 609 3081 lex.
654 3024 745 3081 Multo
772 3036 866 3082 autem
893 3024 1011 3101 amplius
1028 3024 1098 3079 nibil

114 3107 216 3167 latebit
243 3114 339 3176 euru„
357 3107 402 3184 qui
430 3108 524 3183 legem
553 3104 641 3164 dedit.
668 3142 673 3150 „
698 3106 762 3164 Neo
785 3119 878 3165 tamon
905 3126 1019 3183 possum
1041 3102 1098 3161 'ubi

116 3190 223 3270 aliquid
242 3188 278 3248 de
298 3191 485 3247 immensitate
506 3201 535 3247 et
553 3190 599 3247 bis·
615 3208 687 3267 quae
706 3191 767 3248 sine
786 3191 843 3248 fine
861 3190 1023 3265 suntloqui,
1044 3189 1098 3247 nisi

115 3277 195 3355 prius
214 3273 249 3334 de
268 3274 321 3343 his,
352 3276 398 3353 qui
426 3286 508 3333 certo
536 3275 592 3333 fine
619 3275 807 3333 terminantur
826 3275 928 3346 coelis,
957 3274 1096 3331 rationem

115 3362 162 3419 vel
181 3360 331 3436 receperis
350 3356 486 3429 nostram,
507 3360 553 3418 vel
572 3361 632 3437 ipse
656 3360 811 3436 protuleris
838 3370 925 3417 tueor.
973 3356 1055 3431 Quod
1073 3360 1097 3415 si

117 3442 153 3503 de
173 3444 216 3503 bis
236 3463 307 3520 quae
327 3445 414 3501 certis
433 3444 533 3501 finibus
552 3440 762 3501 concluduntur
779 3445 943 3521 intelligere
970 3464 1026 3501 nou
1046 3462 1099 3520 po-

109 3540 173 3599 tes,
203 3528 289 3585 multo
314 3530 407 3605 magis
435 3526 471 3585 de
494 3529 537 3585 his
565 3547 637 3607 quae
655 3527 718 3586 sine
737 3529 794 3586 fine
812 3538 889 3600 sunt,
908 3546 1002 3607 neque
1021 3529 1097 3586 scire

116 3610 225 3691 aliquid
243 3614 353 3689 poteris
371 3631 465 3690 neque
485 3610 610 3671 discere.

159 3694 216 3754 68.
260 3694 307 3753 Ad
324 3697 396 3755 baec
416 3696 532 3755 Simon:
560 3696 664 3755 Melius
681 3698 737 3768 ait,
766 3696 833 3754 mihi
861 3695 973 3754 videtur·
991 3695 1097 3773 simpli-

118 3783 194 3839 citer
212 3778 345 3851 credere,
367 3783 432 3859 quia
450 3778 520 3838 deus
538 3790 593 3849 est,
615 3790 645 3837 et
663 3782 728 3857 quia
741 3782 835 3858 solum
854 3779 927 3837 istud
955 3776 1030 3857 quod
1056 3780 1097 3835 vi-

120 3863 230 3935 demus,
252 3866 289 3923 sit
307 3866 416 3924 coelum
440 3866 468 3923 in
497 3866 630 3924 universo
658 3861 772 3923 mundo.
819 3864 857 3921 Et
885 3862 1002 3922 Petrus:
1031 3862 1118 3921 Non
