2634 4400
197 461 352 542 nepo-ta
369 463 486 523 Vereor
502 460 602 521 dicere
620 462 672 521 tibi
689 458 795 539 aliquid
811 470 906 539 pater,
926 462 993 543 quia
1009 462 1041 518 ia
1057 463 1133 519 onai
1152 472 1184 521 te

199 549 310 608 honore
328 548 428 609 baberi
446 568 464 607 a
481 568 526 607 me
544 547 641 615 decet,
662 548 788 625 aiioquia
806 544 956 623 entqnod
965 544 1184 623 pusi-dicero

199 633 373 694 rinoceros
393 634 522 712 Etpater
538 635 594 691 ait:
615 631 671 690 Dte
687 630 763 710 qnod
780 631 835 689 titt
851 633 981 689 murat
996 632 1054 699 stt,
1082 633 1185 691 onu-

200 720 225 777 si
243 721 411 778 iniuriosam
427 718 555 791 videtur3
576 738 633 777 non
651 720 728 775 enin
755 726 797 785 tu,
825 716 878 775 sed
904 718 1083 795 quaestionis
1108 720 1185 776 ratio

201 805 331 864 inim-iam
349 806 432 875 iacit,
453 806 529 863 sient
546 802 649 882 pudica
667 802 770 860 mniier
786 802 988 881 intemperanti
1002 804 1077 872 viro,
1097 805 1122 861 si
1130 822 1185 881 pro

201 890 292 949 salute
309 889 475 967 indignetur
493 900 523 947 et
541 888 706 947 honestate.
736 887 772 945 Et
791 906 849 964 ege
866 886 1020 965 respondi:
1040 885 1073 945 Si
1091 891 1185 966 prima

201 995 330 1054 quaeque
348 977 426 1033 iuter
442 994 495 1032 nus
513 976 683 1031 confirmata
700 983 732 1030 et
748 974 882 1031 contessa
900 994 957 1030 non
980 972 1056 1031 bene
1073 975 1186 1031 retine-

200 1080 291 1131 amus,
312 1059 363 1118 sed
381 1076 495 1137 semper
512 1078 585 1137 qnae
603 1058 720 1116 definita
739 1068 805 1116 snat
822 1059 1003 1117 resolvantur
1018 1076 1074 1136 per
1081 1058 1185 1115 obtivi-

201 1165 297 1215 onom,
317 1142 476 1202 ridebimur
493 1144 577 1201 teiam
596 1154 698 1201 texere
717 1141 891 1221 Penelopes,
911 1144 1185 1221 eaquaetexuirans

201 1229 396 1301 resolventem
426 1238 456 1287 et
482 1227 549 1286 ideo
577 1227 714 1288 debemus
731 1239 854 1287 autnon
873 1228 960 1298 facile
978 1226 1182 1307 adquiescere,

200 1316 362 1395 priusquam
381 1312 537 1391 diligenter
553 1314 733 1373 examinetur
754 1332 849 1372 sermo
875 1314 1054 1393 propositus,
1083 1325 1133 1373 ant
1159 1315 1185 1371 si

201 1404 255 1459 iam
273 1399 467 1478 adquievimus
486 1410 515 1457 et
533 1401 700 1457 confirmata
718 1401 862 1457 sententia
879 1411 936 1468 est,
964 1416 1082 1458 servare
1108 1418 1186 1457 sem·

201 1504 254 1565 per
271 1484 346 1564 qued
365 1485 454 1543 semel
473 1482 617 1543 definitum
637 1495 692 1553 est,
714 1495 745 1542 nt
762 1486 901 1561 pessimus
919 1495 950 1541 et
967 1483 1004 1543 de
1021 1484 1086 1542 aliis
1095 1504 1186 1563 quae-

123 1603 142 1644 7
201 1589 279 1630 rere.
295 1572 331 1641 *ψ
353 1570 390 1628 Et
407 1580 490 1648 pater
507 1572 563 1628 ait:
583 1569 664 1629 Beue
683 1567 755 1627 dicis
773 1569 825 1639 iiii,
846 1580 877 1628 et
889 1570 1187 1647 seieqnamebeans·

201 1676 260 1715 sam
279 1655 363 1726 dieis,
384 1656 449 1733 qnia
466 1655 602 1713 hesterno
622 1654 669 1713 die
687 1653 724 1712 de
742 1654 918 1713 naturatibus
935 1653 1082 1734 disputans
1100 1670 1185 1713 naus·

202 1743 252 1809 sis,
273 1738 423 1799 ostendisti
444 1741 508 1818 quia
525 1742 616 1799 virtus
635 1738 775 1818 quaedam
793 1740 918 1817 maligna
934 1741 1142 1799 transformans
1151 1759 1185 1798 se

201 1827 229 1885 in
249 1824 378 1885 ordinem
396 1825 541 1883 stellarum
559 1826 695 1884 hrrmnuas
712 1826 962 1903 concupiscentias
979 1827 1120 1903 exagitat,
1140 1823 1186 1883 di-

201 1912 293 1970 versis
319 1906 411 1968 modis
437 1930 598 1989 provocans
625 1910 662 1969 ad
689 1921 855 1987 peecatum,
884 1930 942 1969 non
960 1921 1054 1969 tamen
1073 1930 1185 1987 cogens
1255 1902 1262 1909 ’

203 2006 252 2054 aut
270 1995 400 2054 efficiens
418 2006 578 2074 peccatum.
626 1986 679 2053 Cui
706 2015 763 2071 ege
790 1994 943 2074 respondi:
965 1994 1058 2066 Bene,
1079 1998 1144 2074 quia
1154 2006 1186 2054 et
1208 2003 1211 2009 '

103 2122 127 2134 μ
202 2080 353 2139 meministi
372 2091 482 2139 etcum
501 2082 665 2140 memineris
684 2082 799 2139 errasti.
817 2076 893 2159 'J'Et
918 2092 1017 2159 pater:
1046 2081 1182 2159 ignosce,

202 2166 304 2245 inquit,
325 2166 376 2238 fiii,
397 2165 520 2225 nendum
539 2167 613 2226 enim
634 2184 712 2226 nsum
731 2166 845 2225 muitum
863 2166 892 2225 in
911 2164 956 2226 iris
982 2166 1091 2239 huben
1120 2183 1184 2226 unm

203 2264 234 2310 et
259 2253 387 2310 hesterni
414 2271 563 2312 sermones
589 2255 630 2311 tui
649 2253 772 2311 veritate
790 2253 1074 2330 ipsaenneiuserunt
1090 2272 1136 2312 me
1153 2263 1186 2310 ut

202 2336 255 2395 titi
272 2336 509 2416 adquiescerem,
539 2339 567 2395 in
596 2338 774 2396 conscientie
801 2348 895 2397 tamen
922 2355 986 2397 mea
1013 2349 1079 2397 sunt
1104 2340 1185 2416 quasi

204 2420 342 2501 quaedam
359 2423 498 2500 reliquiae
516 2422 649 2494 febrium,
679 2441 753 2501 quae
770 2423 912 2501 pauininm
931 2441 976 2482 me
994 2443 1011 2480 a
1028 2421 1085 2481 nes
1103 2423 1186 2500 quasi

203 2527 220 2565 a
238 2508 359 2567 sanitate
378 2508 537 2566 retrahunt.
585 2507 754 2566 Discrucior
771 2510 857 2578 euim,
878 2509 943 2587 quia
961 2509 1023 2567 seio
1037 2509 1124 2566 nuda
1132 2509 1186 2566 mi-

203 2592 243 2664 hi,
263 2593 319 2652 imo
338 2611 431 2671 paene
449 2595 543 2652 emnia
562 2592 704 2652 accidisse
722 2592 876 2652 seeundum
895 2595 1036 2671 genesim.

248 2676 302 2736 ll.
348 2675 385 2734 Et
403 2696 459 2754 ego
477 2676 629 2757 respondi:
649 2676 726 2736 Audi
737 2695 809 2756 ergo
826 2689 919 2758 pater,
941 2697 1014 2756 quae
1028 2679 1185 2738 sitmathe-

204 2761 242 2820 sis
260 2770 372 2829 natura,
403 2772 433 2818 et
458 2763 547 2820 incito
574 2761 729 2821 seeundum
756 2782 793 2821 ea
819 2783 893 2842 quae
916 2763 982 2822 dieo
1000 2763 1062 2822 nti.
1107 2763 1185 2823 Vide

202 2844 429 2904 mathematicum
449 2856 479 2904 et
496 2845 542 2904 dic
562 2848 588 2904 ei
608 2849 711 2924 prime,
731 2848 798 2925 quia
816 2850 883 2908 tutin
902 2847 1039 2927 quaedam
1057 2849 1186 2907 mihiae·

203 2927 336 2988 ciderunt
353 2929 425 2991 male
443 2930 471 2988 iu
491 2929 538 2989 iiio
558 2939 705 3010 tempere3
725 2931 800 2992 nude
818 2952 891 3010 ergo
908 2945 957 2993 ant
975 2933 1118 3013 quomode
1135 2945 1186 2992 ant

202 3034 256 3094 per
274 3033 348 3093 quas·
361 3015 428 3073 mihi
447 3014 608 3075 acciderint
626 3018 737 3088 stelias,
757 3017 872 3077 discere
888 3019 969 3078 voto.
1014 3018 1186 3098 Responde-

202 3099 245 3159 bit
262 3099 393 3159 tibi-sine
421 3100 522 3173 dubie,
552 3103 616 3181 quia
643 3113 774 3181 tempora
800 3114 849 3162 tua
875 3105 1031 3162 malitiosus
1057 3105 1187 3182 suscepit

201 3182 280 3244 Mers
298 3195 347 3244 aut
365 3185 514 3258 Saturnus,
543 3199 592 3246 ent
609 3188 711 3267 aliquis
729 3207 827 3246 eornm
855 3191 1099 3267 apocatastaticus
1116 3190 1183 3259 init,

139 3267 147 3282 '
203 3279 251 3327 aut
269 3269 369 3349 aliquis
388 3291 494 3330 annum*
508 3281 583 3331 tunm
602 3270 735 3350 adspexit
750 3293 789 3331 ex
807 3272 1185 3341 diametrnauteoniuretns

203 3363 253 3412 ant
269 3354 297 3412 in
317 3361 430 3427 centro,
451 3356 496 3415 vel
516 3357 571 3414 alin
590 3357 633 3414 iris
647 3357 748 3416 similia
757 3357 956 3436 respondebit,
977 3346 1098 3431 addens,
1119 3359 1186 3437 qnia

203 3437 232 3496 in
250 3435 293 3496 his
312 3439 440 3499 omnibns
458 3441 559 3520 aliquis
577 3450 625 3499 sut
642 3439 797 3519 asyndetus
815 3444 869 3508 init
885 3460 948 3504 ente
967 3446 1055 3516 meio,
1074 3453 1124 3504 eut
1139 3445 1185 3503 in-

202 3601 414 3614 -..κὴ-,ἡ

240 3676 264 3736 Ι)
282 3676 428 3738 Et‘pnter
445 3703 477 3716 -—
496 3680 565 3739 (unp.
584 3681 628 3740 13)
656 3686 868 3742 prosequutus
886 3697 927 3730 ea.
945 3685 1045 3732 Graeca
1066 3697 1099 3730 ex
1115 3683 1185 3731 libre

203 3745 242 3789 dd.
260 3744 425 3793 Periodorunr
444 3745 581 3794 Clementia
599 3751 630 3795 eli
649 3749 754 3808 Origine
773 3749 918 3809 explanasti.
933 3751 959 3798 in
980 3752 1100 3798 Genesim
1110 3753 1182 3798 Tem.

201 3813 242 3856 ΙΙΙ.
260 3811 291 3858 nd
310 3811 371 3860 Gen.
391 3817 414 3876 1,
435 3816 466 3860 1⁴
484 3814 588 3862 landate
606 3815 716 3864 Basilius
733 3821 761 3864 et
773 3819 911 3878 Gregorius
927 3819 992 3867 Nea.
1006 3822 1142 3868 servarunt
1156 3820 1183 3868 in

201 3877 342 3928 Phtineaiis
360 3893 416 3940 enp-
435 3883 475 3932 22
492 3897 516 3941 p.
536 3883 585 3932 ³¹14
603 3897 655 3942 nqq.
675 3885 713 3932 ed.
731 3878 828 3933 Temni.
