2634 4400
216 464 337 533 guentes
355 464 476 535 recepta
494 438 617 517 sanitate
637 453 777 535 gaudere,
799 456 926 517 nonnnlh
945 457 1031 516 etiam
1052 453 1115 518 solo
1131 460 1202 520 data

215 541 345 601 viventes
364 541 418 601 iam
438 542 500 601 sine
519 560 603 601 sensu
624 554 653 602 et
672 544 734 601 sine
748 544 1081 621 roeerecuperatisunt,
1103 563 1201 637 omnes

217 644 328 706 qnoque
347 627 466 686 lunatici
486 636 516 685 et
533 628 611 705 pleni
630 626 788 687 daemoniis
806 627 920 687 liberati
938 638 1014 687 sunt.

259 712 313 771 71.
360 692 479 771 Tantam
497 714 594 792 itaque
613 714 729 791 spiritus
747 724 861 773 sanctus
883 715 912 773 in
938 715 989 772 illa
1014 713 1062 773 die
1081 718 1201 793 gratiam

132 844 133 849 1
216 816 285 856 suae
304 798 416 857 virtutis
436 798 573 871 ostendit,
595 810 626 857 ut
644 818 743 858 omnes
762 820 778 857 a
797 800 912 858 minimo
930 818 1020 878 usqne
1047 800 1084 859 ad
1111 803 1202 859 maxi·

215 898 288 941 mum
307 902 363 941 ιιιιιι
381 902 455 942 voce
474 885 684 945 confiterentur
702 882 856 956 dominum,
887 894 917 942 et
934 903 970 944 ne
988 885 1082 944 multis
1101 887 1201 945 immo-

215 984 274 1039 rer,
295 970 370 1027 intra
389 980 499 1048 septem
519 968 580 1030 dies
598 971 661 1048 plus
676 978 761 1049 quam
775 968 874 1029 decem
886 970 972 1029 millia
982 964 1124 1029 huminum
1135 991 1200 1031 cre·

216 1052 318 1114 dentes
337 1052 393 1113 deo
411 1054 547 1133 baptizati
567 1064 632 1113 sunt
651 1066 681 1115 et
699 1056 926 1114 sanctificatione
954 1058 1130 1127 conscerati,
1159 1058 1200 1114 ita

215 1146 246 1197 ut
265 1134 340 1197 omni
360 1138 504 1199 aviditatis
523 1139 670 1199 desiderio
687 1140 861 1219 Theophilus
881 1140 927 1219 qui
947 1150 1009 1199 erat
1027 1142 1200 1221 cunctispo·

214 1224 339 1283 tentibus
358 1227 387 1283 in
406 1226 523 1284 ciuitate
542 1226 702 1298 sublimior,
723 1224 822 1285 domus
838 1244 910 1284 suae
928 1227 1075 1303 ingentem
1102 1225 1200 1285 hasili-

215 1326 280 1369 eam·
296 1310 441 1370 ecelesiae
460 1312 574 1371 nomine
593 1323 792 1383 consecraret,
813 1313 842 1369 in
870 1331 925 1390 qua
952 1310 1038 1369 Petro
1065 1312 1198 1388 apostolo

216 1396 371 1455 constituta
390 1407 434 1455 est
451 1396 487 1455 all
506 1398 581 1455 omni
600 1398 706 1476 populo
731 1395 879 1467 cathedra,
901 1395 1198 1455 et'omnismultitndn

177 1491 179 1494 ’
215 1479 342 1559 qnotidie
361 1481 397 1540 ad
415 1480 585 1541 audiendum
603 1480 721 1541 verhum
740 1482 928 1553 conveniens,
949 1480 1090 1540 credebat
1110 1497 1198 1540 sanae
1257 1499 1261 1505 ·

215 1565 365 1628 doetrinae
385 1586 465 1646 quam
484 1568 633 1626 sanitatum
653 1568 812 1627 efficacitas
830 1564 1008 1625 adlirmahat.

246 1651 314 1711 ’.79
360 1644 429 1711 Tum
449 1672 505 1731 ego
525 1653 657 1712 Clemens
677 1672 739 1711 eum
758 1651 895 1711 iratribus
913 1652 984 1711 meis
1004 1662 1034 1711 et
1047 1659 1138 1711 matre
1148 1670 1198 1731 pa-

214 1747 287 1796 trem
306 1735 495 1837 adloquimur‚
515 1748 608 1797 utrum
623 1738 738 1817 aliquae
757 1738 960 1797 infidelitatis
952 1758 981 1796 m
1004 1754 1039 1795 eo
1057 1738 1199 1817 reliquiae

214 1824 429 1883 remansissent.
474 1822 515 1881 m
533 1825 597 1883 ille:
617 1824 736 1895 Venite,
756 1825 807 1895 ait,
829 1834 859 1882 et
875 1822 1010 1882 videbitis
1029 1839 1125 1881 coram
1144 1822 1199 1881 Pe-

214 1918 271 1979 tro,
294 1909 473 1986 quantumin
492 1926 537 1968 me
556 1903 623 1967 fidei
643 1910 770 1968 creverit
787 1910 1004 1968 incrementum.
1050 1908 1130 1966 'l'une
1149 1926 1199 1965 ac-

215 1991 322 2052 cedeus
340 1992 549 2064 Faustinianus,
570 1993 698 2073 prouidit
707 1992 743 2052 ad
755 1992 846 2072 pedes
857 1994 935 2056 Petri
945 1992 1060 2051 dicens:
1082 1992 1199 2051 Semina

214 2079 296 2138 verhi
322 2079 363 2137 tui
391 2098 463 2158 quae
490 2096 562 2156 ager
590 2098 672 2137 meae
695 2080 798 2138 mentis
816 2080 940 2157 accepit,
961 2078 1016 2136 iam
1034 2088 1102 2137 nata
1119 2087 1196 2150 sunt,

214 2174 299 2244 atque
317 2166 358 2224 ita
376 2163 413 2224 ad
430 2163 602 2224 foecundam
620 2166 813 2224 maturitatem
831 2173 970 2244 provecta
989 2174 1063 2233 sunt,
1084 2172 1115 2222 ut
1129 2162 1199 2222 nihil

215 2249 302 2321 desit,
321 2251 377 2309 nisi
394 2259 427 2308 ut
443 2271 460 2310 a
478 2251 567 2330 paleis
585 2269 631 2310 me
649 2251 863 2331 spirituali‘illa
884 2260 932 2309 tna
959 2248 1081 2328 deseces
1108 2249 1195 2320 falce,

215 2343 245 2395 et
263 2354 386 2413 reponas
404 2355 449 2396 me
468 2339 496 2395 in
515 2337 622 2396 horreo
642 2336 798 2408 dominico,
819 2335 930 2394 iaciens
947 2351 993 2393 me
1011 2352 1128 2393 mensae
1154 2333 1198 2392 di-

215 2423 297 2480 viuae
316 2422 497 2501 participem.
543 2423 612 2481 'lum
632 2421 734 2482 Petrus
753 2441 815 2480 enm
835 2422 910 2480 omui
929 2421 1080 2479 alacritate
1094 2419 1197 2498 adpre·

214 2505 343 2566 hendens
362 2526 472 2566 manum
492 2509 564 2578 eius,
584 2506 704 2567 tradidit
722 2526 785 2567 eum
803 2507 871 2565 mihi
891 2505 1031 2565 Clementi
1052 2515 1081 2564 et
1099 2505 1197 2563 iratri-

213 2591 266 2650 ltns
285 2593 366 2662 meis,
389 2591 509 2651 dieensa
525 2593 607 2652 Sicut
626 2593 676 2651 tibi
695 2595 769 2671 patri
788 2592 862 2651 illius
880 2592 1006 2651 restituit
1016 2589 1098 2662 dens,
1118 2591 1198 2649 itaet

213 2687 323 2755 patrem
342 2677 393 2734 filii
416 2679 569 2737 restituant
594 2677 662 2737 deo.
707 2677 813 2736 Indixit
839 2687 932 2736 autem
960 2677 1094 2735 ieiunium
1122 2675 1197 2733 omni

214 2761 303 2840 plebi,
324 2771 354 2821 et
370 2763 510 2821 veniente
524 2761 572 2820 dle
595 2761 738 2821 dominica
764 2762 919 2840 baptizavit
947 2781 1025 2831 eum,
1055 2770 1148 2840 atque
1166 2762 1196 2817 in

214 2841 309 2904 medio
327 2847 466 2948 populu
451 2865 487 2906 ex
506 2849 697 2906 conversione
716 2848 777 2905 eius
795 2849 1076 2916 materiamsumens,
1098 2863 1197 2902 omnes

215 2948 298 2991 casus
317 2934 378 2991 eius
397 2923 540 3012 exposuit,
561 2931 651 2991 itaut
670 2933 761 2992 omnis
780 2933 882 2990 civitas
900 2950 978 3010 quast
970 2930 1121 3008 'angelum
1132 2949 1195 2988 eum

214 3019 385 3096 suspiceret,
406 3029 436 3078 et
454 3038 510 3078 non
530 3021 667 3078 minorem
687 3020 715 3076 ei
734 3017 853 3096 gratiam
877 3035 958 3095 quam
985 3015 1151 3116 apostolo
1146 3033 1196 3073 ex·

213 3102 338 3163 hiheret.
366 3106 412 3178 [¹)
424 3104 529 3177 Quibus
541 3105 666 3182 cognitis
676 3103 777 3162 Petrus
791 3113 909 3181 postera
920 3100 998 3159 die
978 3102 1134 3159 eonvenite
1143 3084 1196 3201 pp-

212 3187 393 3268 pulosiuhet,
415 3199 445 3248 et
463 3209 519 3248 uno
538 3208 575 3248 ex
584 3191 628 3248 lus
639 3209 685 3269 qur
677 3188 890 3269 sequebantur
898 3205 974 3258 eum,
991 3185 1124 3245 ordinato
1134 3203 1195 3262 epu

214 3281 314 3351 scopo,
336 3283 365 3333 et
375 3273 437 3332 alus
446 3275 634 3355 presbyteras,
647 3274 795 3354 plurumum
805 3291 918 3353 qnoque
927 3271 1060 3350 populum
1069 3270 1196 3349 baptiza·
1294 3308 1295 3315 ι

213 3359 265 3429 tit,
286 3376 443 3439 omnesque
460 3362 511 3439 qui
522 3368 603 3420 erant
616 3360 714 3418 vexati
728 3359 912 3471 languor-ihus
922 3356 1035 3416 sanitati
1045 3357 1195 3430 restituit]

212 3503 425 3512 ffl--—

252 3559 277 3626 ¹)
295 3563 388 3612 Addita
409 3564 505 3626 legitur
534 3564 598 3613 haec
622 3565 774 3628 periodus
766 3580 793 3614 ιιι
800 3561 871 3613 end.
894 3564 1072 3625 antiquissimo
1099 3558 1195 3619 Bodlei.

213 3643 282 3680 num.
302 3635 358 3682 1⁰5.
377 3648 418 3695 ap.
435 3634 583 3683 Granium
575 3649 602 3682 m
621 3635 736 3696 spicileg.
754 3637 820 3696 patr
837 3634 868 3681 Τ.
887 3633 981 3696 apag.
1000 3634 1057 3683 299.
1143 3633 1147 3638 ’

1293 3382 1295 3391 ι
