2634 4400
642 184 708 242 tro

564 274 776 290 *uu-eta·-

183 405 248 476 post
266 393 425 469 digressum
444 399 566 460 vestrum
585 399 669 466 geste
696 399 772 460 sunt,
801 389 960 460 cnarrsb03
988 409 1041 452 uos
1068 403 1163 449 antem

183 480 249 538 milri
269 495 341 555 queo
360 475 407 532 hic
425 495 442 532 n
461 474 577 532 Simone
597 484 762 551 perpetrato
780 485 855 543 suut,
876 472 1014 532 indicate.
1043 474 1162 532 Etcum

184 565 220 622 de
239 564 282 620 his
301 561 337 618 alr
355 560 494 617 alterutro
509 577 603 616 sermo
615 556 763 626 ederetur,
783 557 971 616 illucescente
982 558 1028 617 die
1038 560 1162 634 ingressi

185 646 296 727 quidam
315 643 350 706 de
368 642 554 706 familiaribus
573 642 702 699 nuntiant
712 641 810 712 Petro,
831 642 906 719 qnod
918 641 1016 700 Simon
1033 643 1081 702 ubi
1100 663 1164 702 eum

172 731 333 791 'didicisset
356 729 528 804 ingressum,
557 737 750 804 pernoctem
777 727 1165 806 prolectusessetSyriom
1251 779 1257 784 .

184 815 318 876 tendens.
362 813 475 870 Turbae
494 821 587 869 autem
607 802 681 868 diem
700 811 785 880 hanc,
806 812 949 886 inquiunt,
975 832 1056 889 quom
1075 815 1166 870 inter·

184 899 305 979 posuisti
333 899 390 967 eis,
421 893 566 954 desiderio
594 896 634 952 tui
662 896 857 971 longissimum
883 896 937 952 sibi
965 915 1030 954 esse
1054 907 1166 974 tempus

186 987 347 1062 opinantur,
369 979 492 1057 denique
511 999 567 1036 non
586 979 718 1036 ferentes
733 981 1018 1050 stententeionnam‚
1039 983 1118 1038 inter
1134 1001 1167 1039 se

185 1069 308 1126 invicem
328 1062 425 1122 dehis
444 1083 516 1140 queo
536 1061 635 1120 audire
655 1064 771 1141 cupiunt
789 1065 986 1135 conferentes,
1006 1076 1037 1122 et
1055 1076 1084 1123 te
1098 1077 1167 1124 onte

187 1150 365 1230 praefinitum
384 1159 496 1225 tempus
515 1145 683 1206 omnimodis
702 1166 734 1205 se
751 1149 863 1208 visuros
890 1160 1024 1224 sperant,
1045 1161 1168 1227 quanto-

187 1254 241 1314 que
260 1233 351 1310 magis
369 1231 431 1290 dies
450 1232 586 1290 clarescit
602 1231 796 1290 multitudines
814 1233 1000 1308 colliguntur,
1029 1245 1059 1291 et
1085 1233 1168 1292 nudi-

187 1333 267 1378 turos
286 1336 318 1375 se
337 1335 497 1378 sermonem
516 1327 608 1386 tuum,
637 1317 739 1374 nescio
758 1315 832 1374 unde
858 1328 1074 1395 praesumentes
1102 1337 1168 1376 cer·
1206 1312 1213 1328 ¹

187 1405 296 1462 tissime
315 1399 472 1459 confidunt.
518 1399 602 1458 Nunc
623 1420 695 1478 ergo
714 1398 790 1478 qurod
816 1400 868 1458 tibi
885 1399 1013 1472 videtur,
1043 1403 1110 1460 iube
1138 1414 1170 1460 ut

185 1488 314 1546 dicemus
332 1487 390 1556 cis3
411 1483 562 1543 absurdum
580 1495 871 1561 nemqneesttentonr
881 1485 1170 1556 multitudinemcon·

187 1574 350 1631 venissest
368 1566 520 1627 discedere
539 1587 602 1626 cunr
620 1569 781 1639 moestitia,
802 1570 907 1646 quippe
925 1571 949 1627 si
968 1589 1106 1648 responso
1126 1573 1171 1629 eis

187 1656 264 1716 nullo
282 1653 450 1714 reddantur.
496 1651 563 1710 Non
583 1653 657 1709 enim
676 1653 845 1728 cogitabunt
863 1651 939 1731 qnod
961 1655 1015 1731 ipsi
1033 1666 1170 1712 statutum

188 1761 246 1799 non
265 1737 482 1816 expccmverint
500 1735 586 1806 diem,
607 1735 658 1794 sed
679 1734 754 1814 qnod
772 1747 833 1795 ate
843 1739 934 1814 nugis
944 1736 1094 1816 videantur
1103 1759 1170 1798 esse

189 1824 337 1898 contemti.
476 1891 479 1900 κ

231 1905 264 1964 d.
310 1906 379 1963 'l'um
399 1906 500 1964 Petrus
518 1904 659 1966 admirans
677 1910 732 1966 cit:
753 1906 866 1966 Videtis
888 1909 1005 1980 iratres,
1026 1908 1173 1988 quomodo

191 1991 380 2068 unusquisque
399 2009 494 2048 sermo
513 1989 620 2049 domini
638 1993 808 2070 prophetice
827 1991 1081 2072 dictusimpletur.
1106 1994 1172 2052 Me-

85 2109 87 2118 ‹
190 2077 257 2133 mini
277 2075 351 2132 enim
371 2073 477 2132 dixisse
496 2093 576 2132 eum:
593 2077 621 2146 1)
652 2075 757 2134 Messis
775 2075 887 2153 quidem
913 2078 1012 2148 multo,
1042 2080 1170 2154 operarii

190 2170 284 2221 cutem
302 2159 397 2237 ponci.
444 2157 556 2237 Rogate
576 2178 647 2237 ergo
667 2158 809 2218 dominnm
819 2162 931 2232 messis,
950 2162 1171 2240 nteiiointopc·

190 2247 282 2304 uarios
301 2245 329 2301 in
348 2262 470 2302 messem
488 2264 578 2303 suom.
625 2245 704 2303 Ecce
723 2264 795 2321 ergo
813 2264 888 2303 nunc
906 2264 980 2323 quoe
1006 2246 1035 2304 in
1063 2244 1171 2324 myste-

138 2382 144 2391 .
167 2398 169 2406 Α
190 2332 234 2388 rio
263 2327 412 2406 praedicte
437 2338 518 2400 sunt,
547 2327 747 2407 adimplentur.
795 2328 855 2387 Sed
882 2340 913 2387 et
938 2330 1015 2408 quod
1042 2329 1123 2400 dixit,
1140 2335 1170 2401 ¹2)

190 2414 269 2471 multi
287 2414 404 2471 venient
421 2412 457 2469 ol)
476 2414 589 2471 oriente
612 2423 644 2470 et
670 2411 842 2484 occidente,
870 2433 889 2471 a
914 2416 1113 2491 septentrione
1141 2426 1172 2472 et

191 2496 323 2567 meridie,
345 2508 374 2554 et
392 2496 560 2555 recumbent
576 2498 604 2553 in
624 2496 731 2553 sinibus
748 2495 893 2555 Abrohom
921 2498 1049 2555 etlsnoc
1068 2508 1099 2555 et
1125 2498 1172 2556 ln-

94 2586 98 2594 '
191 2581 262 2653 cob3
283 2582 369 2638 etium
391 2580 447 2638 hoc
465 2582 587 2656 pariter,
606 2590 638 2636 ut
654 2578 769 2651 videtis,
782 2581 925 2658 expletur.
963 2582 1172 2660 propterquod

192 2665 335 2742 deprecor
351 2682 403 2721 vos
421 2681 578 2721 conservos
596 2673 626 2720 et
642 2661 793 2721 ¹adiutores
810 2683 905 2735 meos,
933 2676 965 2724 ut
991 2665 1109 2724 discetis
1127 2678 1172 2724 nt-

192 2746 297 2805 tentius
316 2745 503 2824 praedicandi
523 2744 651 2805 ordinem
671 2757 701 2804 et
718 2748 927 2806 absolutionum
946 2752 1017 2819 vias,
1038 2762 1070 2807 ut
1080 2752 1173 2827 possi·
1224 2792 1230 2797 ⁴

189 2834 227 2889 tis
246 2832 357 2888 salvare
375 2831 482 2887 animas
499 2830 654 2902 hominum,
674 2851 748 2909 quae
767 2834 881 2889 occulto
900 2832 947 2891 dei
963 2836 1069 2892 virtute
1089 2854 1172 2911 quem

191 2915 317 2973 debeant
344 2913 478 2989 diligere,
507 2916 585 2992 prius
608 2916 693 2973 etiam
721 2936 803 2993 qnam
822 2916 982 2975 doceantur
997 2930 1170 2995 agnoscunt.

191 2999 306 3059 Videtis
324 3000 399 3057 enim
418 3018 471 3057 eos
488 3000 567 3077 quusi
585 2999 676 3058 bonos
695 3018 796 3057 servos
813 2999 981 3060 desiderare
992 3021 1067 3072 eum,
1088 3022 1171 3080 quem

192 3084 246 3143 sibi
264 3094 382 3162 sperent
400 3081 550 3143 adventum
569 3086 611 3143 sui
630 3084 737 3143 domini
755 3086 906 3155 nunciare,
934 3097 965 3143 ut
991 3088 1102 3163 possint
1120 3092 1173 3144 vo·

192 3170 328 3228 luntetem
347 3170 408 3227 eius
427 3188 490 3227 cunr
510 3168 664 3229 didicerint
681 3169 812 3245 implere.
846 3168 1172 3247 1³)llesideriumergo

193 3252 327 3311 audiendi
345 3253 426 3311 verbi
449 3252 497 3311 dei
525 3264 554 3311 et
576 3254 750 3311 voluntatem
779 3254 840 3310 eius
868 3254 1024 3330 quaerendi
1052 3274 1089 3312 ex
1115 3254 1172 3312 deo

193 3337 311 3408 habent,
332 3348 361 3394 et
378 3336 434 3393 lroc
453 3348 497 3394 est
515 3338 623 3394 initium
642 3334 710 3393 doni
729 3334 776 3392 dei
795 3335 1013 3413 qnodgentilms
1027 3337 1121 3409 datur,
1142 3350 1175 3396 nt

194 3421 304 3499 possint
321 3439 374 3499 per
392 3419 626 3479 hoedoctrinem
644 3420 778 3497 recipere
796 3422 938 3479 ueritatis.

454 3582 460 3603 Ι
712 3601 714 3604 .

231 3640 256 3699 1)
273 3641 364 3686 Metto.
383 3644 407 3697 o,
427 3642 467 3685 sn.
486 3632 543 3685 es,¹
596 3640 703 3699 ²)12uc.
722 3643 763 3698 ns,
784 3644 823 3685 no.
858 3639 948 3686 oraim.
968 3644 992 3698 s,
1013 3645 1052 3687 11.

231 3706 256 3767 ³)
275 3707 473 3753 Desiderinm
493 3720 565 3764 engo
584 3710 609 3754 el
628 3722 681 3765 sqq.
701 3721 782 3767 usquc
800 3708 832 3753 od
850 3708 924 3753 finem
942 3723 997 3766 cop.
1018 3712 1040 3753 5.
1059 3721 1111 3753 nou
1134 3708 1174 3752 l'e-

194 3778 290 3833 guntur
307 3774 334 3819 in
352 3772 423 3820 codd.
440 3773 523 3831 Lipns.
