2634 4400
652 205 699 266 511
765 250 768 253 ,

563 295 782 311 “ι-ιο-ι--ισ-·ι-

192 433 195 438 ·
228 415 286 472 55.
334 413 370 472 Et
397 411 513 470 Petrus:
543 409 609 469 Non
636 421 747 470 temere
775 410 912 486 deroges,
942 431 959 467 o
987 409 1103 481 Simon,
1129 411 1176 468 iris

188 519 260 578 quae
280 519 336 556 uon
356 497 503 573 intelligis.
552 495 646 553 Primo
666 515 737 573 erge
756 494 947 585 respondeam
966 515 1019 573 pro
1039 485 1075 553 eu
1095 495 1175 573 quod

186 585 240 654 ais,
262 601 306 640 mc
318 582 447 659 magistri
458 581 514 640 mei
534 580 620 638 verba
638 599 815 658 proponere,
836 591 921 657 atque
941 599 976 638 cn
987 581 1056 658 ipsis
1067 601 1114 649 ea,
1135 580 1175 644 de

188 668 288 747 quibus
308 664 462 735 dubitatur,
483 665 645 723 absolvere.
692 663 830 721 Dominus
849 674 949 722 noster
976 665 1090 722 mittens
1119 685 1174 722 nos

187 751 333 831 apostolos
352 749 388 808 ad
408 747 640 827 praedicandum,
671 748 822 828 praecepit
840 747 937 818 nobis,
968 759 999 804 ut
1017 746 1174 806 doceamus

188 853 286 895 omnes
314 839 417 911 gentes
445 831 481 891 de
509 833 552 890 his
580 851 653 910 quae
681 830 812 890 mandata
840 842 904 889 sunt
927 831 1020 889 nohis.
1068 831 1173 908 Neque

188 939 260 998 ergo
290 917 389 978 dicere
418 937 463 987 ee,
493 927 524 975 ut
550 916 585 974 ab
613 919 677 995 ipso
705 915 876 986 dictasunt,
898 935 1057 992 possumus.
1105 915 1173 972 Non

188 1005 263 1064 enim
283 1002 395 1072 dicere,
424 999 481 1060 sed'
503 998 611 1058 docere
639 1019 676 1059 ea
697 1002 726 1058 in
745 999 884 1058 mandatis
902 999 1057 1071 habemus,
1088 1010 1119 1058 et
1137 1018 1174 1057 ex

188 1089 257 1166 ipsis
276 1084 443 1156 ostendere,
465 1083 607 1162 quomodo
627 1082 844 1164 unumquodque
863 1103 961 1142 eorum
971 1086 1096 1154 veritate
1106 1084 1173 1142 sub-

188 1167 282 1230 nixum
294 1171 341 1227 sit.
358 1167 460 1246 Neque
471 1187 567 1227 rursus
577 1169 724 1250 preprium
735 1168 817 1226 nobis
827 1167 932 1246 aiiquid
943 1167 1042 1227 dicere
1052 1170 1173 1246 permis-

189 1275 249 1314 sum
268 1264 324 1313 est.
372 1252 473 1311 Sumus
493 1253 566 1312 enim
586 1251 675 1323 missi,
696 1264 727 1312 et
744 1254 912 1326 necessario
929 1254 977 1330 qui
995 1254 1096 1310 missus
1116 1263 1171 1323 est,

189 1338 257 1397 1111111
269 1336 444 1417 quodiussus
465 1347 509 1400 est
524 1338 649 1406 nunciat,
671 1338 1030 1412 etvoiuutatemmittentis
1041 1339 1172 1413 exponit.

189 1423 262 1482 Nem
280 1424 305 1481 ‘si
315 1420 391 1480 aiiud
402 1421 504 1493 dicam,
518 1441 597 1500 qnam
609 1423 759 1500 praecepit
768 1421 834 1478 mihi
845 1422 893 1479 itte
904 1423 950 1499 qui
961 1441 1004 1480 me
1015 1423 1102 1490 misit,
1122 1422 1175 1479 iai-

190 1527 237 1566 sus
256 1526 307 1566 ero
327 1505 483 1586 apostolus,
496 1508 543 1584 qui
554 1527 609 1564 non
621 1504 689 1564 iliud
701 1505 766 1563 dieo
777 1504 852 1583 quod
871 1506 962 1564 iussus
981 1526 1039 1563 sum
1059 1505 1174 1575 dicere,

190 1591 242 1651 sed
260 1590 336 1670 quod
350 1589 422 1649 'mihi
440 1589 563 1648 videtur.
595 1589 677 1662 Quod
688 1591 735 1668 qni
752 1591 834 1660 iacit,
855 1591 952 1668 utique
971 1609 1002 1648 se
1026 1591 1175 1648 meliorem

191 1674 346 1748 ostendere
374 1675 433 1750 ruit
459 1694 540 1758 quam
565 1675 787 1752 estiiieaque
806 1675 906 1739 missus
926 1685 982 1748 est,
1002 1684 1031 1733 et
1050 1675 1176 1732 estsine
1235 1737 1239 1740 ⁴
1296 1730 1297 1741 ,

191 1759 277 1818 dubio
296 1760 523 1838 praevenienter.
572 1757 603 1816 Si
630 1778 701 1817 vero
729 1777 764 1817 ea
792 1778 864 1837 quae
888 1760 979 1816 iussus
1002 1769 1047 1818 est
1073 1779 1177 1835 pruse-

191 1851 312 1921 quatnr',
350 1861 506 1921 eorumque
542 1841 723 1900 adsertiones
749 1843 993 1900 manifestissimas
1029 1844 1174 1919 proferat,

156 1959 166 1970 ·
191 1927 315 2004 apostoli
343 1946 412 2006 opus
437 1928 555 2004 exsequi
581 1926 737 1997 videbitur,
767 1925 843 2004 quod
870 1945 927 2003 ego
955 1946 1028 1984 nune
1057 1929 1177 2006 impiere

192 2009 370 2086 contendens
397 2030 452 2068 nen
475 2011 527 2068 tibi
545 2010 658 2091 placeo.
692 2009 758 2069 Non
778 2030 850 2088 ergo
874 2009 1079 2089 reprehendas,
1101 2008 1177 2088 qnod

192 2096 253 2153 eius
281 2097 328 2173 qui
346 2114 391 2169 me
418 2097 495 2153 misit
520 2096 665 2172 proferam
684 2094 788 2166 verba3
817 2093 870 2153 sed
896 2097 920 2153 si
940 2096 1030 2152 estin
1049 2096 1176 2152 111111111-

192 2177 269 2258 qnid,
291 2177 366 2258 qnod
385 2201 440 2259 non
460 2179 497 2238 sit
514 2181 629 2257 integre
649 2178 772 2249 dietum,
802 2179 868 2238 inde
887 2200 931 2237 me
951 2190 981 2238 ut
1003 2200 1107 2256 arguas
1142 2179 1176 2236 ii-

193 2274 257 2337 eet3
279 2264 352 2343 quod
372 2275 466 2323 tamen
485 2263 848 2343 nuiiourodoiieripotest.
867 2266 894 2336 ¹)
926 2264 1081 2342 [Propheta
1101 2266 1175 2321 enim

192 2359 247 2420 est,
269 2360 299 2407 et
317 2350 371 2407 sibi
390 2352 451 2428 ipse
471 2368 535 2407 esse
559 2350 720 2407 contrarius
740 2367 796 2407 uon
814 2354 938 2427 petest]
981 2347 1041 2405 Aut
1067 2350 1091 2406 si
1119 2348 1175 2407 non

191 2445 272 2511 putas
291 2452 353 2507 eum
373 2435 540 2511 prophetam
560 2444 636 2503 esse,
657 2433 815 2511 hecprimo
830 2434 1003 2511 requiratur.
1070 2449 1075 2459 ¹

194 2520 200 2529 '
233 2515 291 2575 54.
337 2516 374 2573 Et
402 2516 516 2592 Simon:
546 2516 613 2591 Non
641 2536 712 2592 opus
739 2516 831 2575 haheo
855 2517 911 2574 hoe
930 2516 1044 2575 discere
1063 2516 1173 2588 abste,

191 2599 244 2665 ted
272 2598 413 2675 queneto
441 2600 495 2657 sibi
523 2600 577 2655 ista
604 2600 786 2658 conveniant.
835 2600 867 2657 si
890 2603 966 2659 euim
984 2598 1193 2659 inconsonans

193 2682 372 2752 ostendetur,
393 2683 473 2740 simui
493 2683 578 2739 etiam
595 2682 737 2760 propheta
756 2703 812 2741 non
831 2702 896 2743 esse
915 2685 1078 2746 docebitur.
1106 2686 1175 2743 Tum

192 2767 310 2836 Petrus3
341 2765 400 2823 Sed
427 2767 451 2823 si
478 2767 567 2849 prius,
597 2767 698 2845 inquit,
729 2767 884 2827 ostendero
912 2789 974 2828 eum
993 2769 1176 2847 prophetam,
1219 2773 1224 2788 ‘

193 2850 249 2907 hoc
269 2847 345 2925 quod
362 2848 563 2907 videturesse
583 2850 786 2921 inconsonans,
807 2872 864 2925 non
883 2856 950 2928 erit,
980 2872 1073 2931 neque
1101 2856 1176 2912 enim

194 2954 230 2991 ex
249 2934 436 2990 consonantia
456 2934 517 3010 quis
535 2933 677 3011 propheta
696 2953 760 2992 esse
780 2936 927 3012 probatur,
949 2938 1087 3014 quiahoc
1107 2939 1177 2998 urui÷

194 3019 229 3080 tis
247 3017 383 3095 possibile
402 3027 446 3075 cst
464 3018 578 3089 incere3
600 3016 675 3095 quod
694 3020 719 3076 si
737 3023 925 3086 consonantia
942 3023 1109 3099 prophetam
1121 3042 1177 3079 nou

192 3102 274 3177 iacit,
303 3102 390 3159 multe
417 3102 508 3179 magis
535 3120 589 3163 uec
613 3103 846 3163 inconsonantia.
894 3106 965 3177 ,Quia
992 3126 1064 3183 ergo
1091 3107 1178 3163 murita

194 3196 268 3254 sunt,
290 3204 362 3263 qnae
380 3183 513 3243 videntur
531 3185 643 3262 quidem
657 3189 815 3245 inconsona
825 3208 889 3264 esse
900 3191 1051 3260 nonnuiiis,
1072 3190 1179 3248 habent

193 3280 288 3327 tamen
307 3268 495 3346 profundiore
523 3271 635 3345 ratione
654 3272 683 3327 in
702 3274 863 3349 semetipsis
881 3276 1109 3351 consonantiam,
1139 3276 1178 3331 si·

194 3362 242 3409 eut
260 3362 290 3409 et
308 3353 363 3409 aiia
374 3370 446 3429 quae
456 3350 588 3410 ridentur
605 3354 713 3414 habere
723 3360 953 3428 consonantiam,
974 3357 1102 3415 discussa
1113 3358 1178 3418 diii÷

196 3436 310 3511 gentius
337 3436 519 3515 inveniuntur
545 3438 715 3514 inconsona,
745 3440 799 3499 hac
827 3440 863 3519 de
891 3462 991 3499 caussa
1018 3442 1177 3516 11111111111111ι

193 3628 405 3642 ’nm——

233 3722 256 3781 ¹)
275 3726 407 3773 Vocabula
426 3729 498 3774 uncis
518 3730 618 3777 inclusa
638 3731 664 3784 in
679 3732 780 3782 textum
789 3729 934 3789 recepimus
944 3744 977 3789 en
988 3727 1059 3776 codd.
1078 3725 1177 3792 Thnnq.
1199 3734 1203 3742 “

195 3791 265 3839 Seru.
283 3792 365 3851 bipes.
384 3797 409 3840 et
428 3795 471 3841 ull.
