2634 4400
676 273 723 329 oo

593 366 806 382 Ἠ

210 490 239 537 et
258 482 378 538 omnium
407 473 492 538 etiam
520 497 590 556 quos
618 475 691 537 dicis
710 473 827 536 deorum
860 474 930 535 deus
956 487 1011 535 est.
1059 476 1091 535 Si
1119 497 1194 555 ergo

210 563 365 622 ostendero
384 565 487 621 nulium
507 581 572 622 esse
592 564 646 621 hoc
666 565 855 642 superiorem,
876 561 929 620 sed
947 564 1037 639 ipsum
1060 581 1126 620 esse
1145 583 1194 620 sn-

209 668 263 728 pcr
281 651 384 719 omma,
406 648 544 706 fateberis
563 665 692 706 errorem
716 659 791 705 tuum
810 667 875 706 esse
893 664 981 725 super
1003 650 1108 711 omnia.
1155 647 1211 720 Et⁸

210 733 325 791 Simon:
346 732 419 806 Quid
438 735 524 803 euim,
545 734 645 812 inquit,
668 734 795 790 etiamsi
815 751 872 808 ego
899 733 985 789 nolim
1013 732 1115 801 fateri,
1145 734 1194 809 qui

208 816 347 876 adsistunt
365 817 522 887 auditores²
543 835 637 879 nonne
656 828 779 903 arguent
796 837 841 883 me
864 817 1008 884 ocientem
1027 835 1100 906 quae
1123 835 1194 882 vera,

209 913 274 960 sunt
291 903 441 980 profiteri?

251 985 308 1044 41.
354 986 493 1044 Ausculta
512 1005 596 1064 ergo,
617 988 657 1044 ait
676 985 793 1058 Petrus,
821 996 852 1043 nt
880 986 955 1043 scias
982 986 1087 1063 primo,
1117 984 1194 1062 qnod

209 1073 294 1130 etiam
323 1071 346 1127 si
374 1071 453 1144 muiti
480 1081 544 1127 sunt
571 1070 622 1142 dii,
651 1082 683 1128 ut
709 1070 792 1141 diois,
822 1068 992 1128 Indaeorum
1011 1068 1067 1127 deo
1086 1067 1194 1128 subditi

209 1165 285 1224 suut,
311 1155 355 1211 cui
377 1173 469 1234 neque
488 1155 616 1232 aequalis
643 1151 805 1232 quisquam,
835 1154 928 1232 neque
946 1155 1038 1212 maior
1056 1173 1120 1212 esse
1141 1174 1194 1232 po·

209 1249 282 1320 test3
303 1239 440 1316 scriptum
459 1249 503 1296 est
522 1235 608 1309 onim,
630 1238 706 1317 quod
724 1241 764 1297 ita
784 1237 861 1296 dicat
878 1236 915 1296 ad
934 1237 1056 1297 ludaeos
1074 1237 1193 1316 Moyses

209 1322 366 1400 propheta:
383 1325 410 1394 ¹)
440 1322 575 1382 Dominus
603 1322 673 1382 deus
700 1334 797 1382 vester
824 1323 870 1380 hic
898 1333 943 1381 est
960 1321 1031 1380 deus
1059 1322 1190 1391 deorum,

210 1418 240 1465 et
258 1405 387 1465 domiuus
406 1405 594 1479 dominorum,
615 1406 686 1466 deus
704 1426 832 1485 maguus.
858 1407 901 1464 lta
920 1407 1029 1465 etiamsi
1040 1408 1118 1465 multi
1129 1417 1194 1464 suut

210 1493 257 1570 qui
277 1490 409 1550 dicuutur
426 1492 476 1564 dii,
497 1511 568 1550 unus
588 1504 744 1552 esttamen
765 1493 887 1549 omnium
920 1489 1088 1550 ludaeorum
1109 1491 1191 1561 deus,

170 1569 177 1576 ’
210 1579 257 1654 qui
285 1588 315 1636 et
341 1576 458 1636 deorum
486 1574 556 1636 deus
584 1576 768 1635 diotus‘est.
833 1575 936 1654 Neque
963 1577 1037 1646 enim
1074 1577 1193 1653 quicun-

210 1680 266 1740 que
293 1660 385 1719 dictus
412 1662 501 1719 fuerit
527 1660 609 1733 deus,
639 1663 776 1720 contiuuo
804 1660 957 1719 deusest.
995 1659 1137 1738 'Denique
1165 1671 1194 1718 et

208 1745 326 1823 Moyses
346 1744 415 1803 deus
434 1745 538 1802 dicitur
557 1745 724 1817 Pharaonis,
745 1757 775 1804 et
793 1755 905 1804 certum
922 1755 1041 1803 osteum
1051 1744 1193 1802 bominem
1214 1784 1216 1787 -

209 1831 309 1887 fuisse.
356 1828 394 1886 Et
412 1828 522 1887 iudices
540 1828 579 1887 tlii
598 1832 735 1908 appeliati
753 1841 829 1901 suut,
850 1840 881 1888 et
898 1840 1012 1887 constat
1029 1849 1081 1887 eos
1103 1830 1193 1886 fuisse

209 1914 356 1970 mortales.
404 1913 563 1972 Simulacra
583 1935 695 1994 quoque
723 1916 848 1993 gentium
876 1913 915 1971 dii
942 1915 1134 1991 appellantur,
1165 1923 1195 1970 et

211 2014 309 2055 omnes
328 1997 443 2067 scimus,
465 1999 529 2076 quia
548 2018 604 2056 uon
623 2010 699 2070 suut,
720 1998 772 2056 sed
799 2000 891 2077 impiis
918 1999 998 2076 quasi
1024 2017 1078 2076 pro
1100 2017 1194 2075 poena

113 2147 119 2154 ,
210 2081 266 2138 hoc
286 2079 379 2138 datum
399 2092 457 2151 est,
475 2092 506 2138 ut
524 2082 589 2159 quia
607 2102 704 2140 verum
725 2082 807 2141 deum
827 2090 1008 2160 cognoscere
1028 2081 1192 2150 numerant,

211 2184 397 2244 quaecunque
417 2167 459 2225 eis
479 2167 570 2229 forma
588 2178 618 2225 et
636 2169 731 2245 imago
758 2169 946 2237 occurrisset,
976 2167 1132 2225 haberetur
1158 2166 1194 2223 ab

211 2252 254 2309 eis
273 2250 354 2310 deus.
370 2253 398 2324 ²)
446 2252 582 2324 Quoniam
601 2253 695 2324 unius,
715 2264 747 2311 ut
764 2252 834 2323 dixi,
856 2253 903 2330 qui
923 2262 967 2309 est
977 2252 1098 2308 omnium
1110 2250 1192 2319 deus,

210 2337 385 2413 agnitionem
404 2339 551 2416 suscipere
571 2348 752 2408 recusarunt,
772 2336 840 2395 ideo
859 2355 931 2413 ergo
953 2334 1125 2393 conceditur
1152 2337 1195 2393 eis

210 2422 275 2479 ilios
294 2421 400 2479 hahere
420 2422 502 2492 deos,
524 2422 570 2499 qui
589 2433 738 2500 praestare
748 2420 972 2499 supplicantibus
982 2420 1051 2477 nihii
1061 2430 1192 2496 possunt.

155 2558 158 2571 ‚
211 2504 283 2577 Quid
313 2507 386 2563 euim
404 2517 453 2563 eut
471 2508 600 2563 exanima
619 2507 770 2564 simulacra
789 2506 924 2563 couierre
943 2504 1103 2561 hominibus
1123 2522 1194 2581 que·

212 2599 261 2645 nuit
287 2600 335 2646 aut
357 2589 521 2659 animantia,
543 2609 604 2647 cum
623 2601 751 2667 potestus
769 2590 891 2658 omnium
910 2587 984 2667 apud
1002 2607 1093 2668 unum!
1106 2589 1161 2645 sit't

254 2670 311 2729 ae.
335 2672 437 2730 Tribus
447 2674 534 2749 igitur
545 2671 634 2731 meilis
645 2672 715 2731 deus
727 2674 788 2752 quis
798 2672 914 2742 dicitur,
926 2669 971 2731 'vci
983 2674 1126 2750 quievere
1137 2681 1193 2740 est,

210 2756 373 2833 veiquiaei
393 2757 985 2833 quivercest‚ministrat‚etobhonorem
996 2757 1144 2825 mittentis,
1165 2764 1197 2812 ut
1236 2764 1240 2768 '
1305 2825 1306 2840 χ

210 2840 295 2917 piena
313 2840 351 2897 sit
369 2841 429 2898 eius
440 2842 608 2910 auctoritas,
629 2842 684 2899 hoc
696 2840 801 2898 dicitur.
811 2843 865 2899 iste
878 2842 923 2919 qui
934 2842 1034 2898 missus
1049 2850 1105 2910 est,
1118 2838 1197 2917 quoti

212 2935 256 2982 est
267 2924 314 2982 ilic
326 2925 372 3002 qui
383 2925 468 2993 misit,
489 2934 520 2981 ut
529 2933 616 3002 saepe
628 2926 732 2983 iactum
743 2936 788 2983 est
798 2924 834 2983 de
852 2926 1018 3002 angelini)
1040 2926 1086 3003 qni
1101 2935 1196 2982 tamem

208 3014 275 3071 'cnm
293 3010 479 3085 apparuerint
496 3008 614 3079 homiui,
635 3010 659 3067 si
678 3010 715 3067 sit
732 3008 858 3088 prudeus
877 3020 907 3067 et
925 3007 1053 3067 eruditus
1071 3010 1131 3078 vir,
1152 3010 1196 3066 in-

211 3104 342 3171 terrogat
360 3094 421 3153 eius
441 3094 487 3172 qui
506 3095 635 3173 apparuit
653 3114 768 3166 nomeu,
790 3105 820 3151 ut
837 3094 918 3153 simui
938 3104 968 3151 et
981 3094 1119 3151 honorem
1129 3094 1197 3149 mis-

211 3180 235 3235 si
254 3179 501 3237 etauctoritatem
521 3182 658 3239 mittentis
677 3189 827 3257 agnoscat.
861 3178 998 3237 Esteuim
1016 3178 1197 3235 uniuscuius-

212 3282 266 3341 que
286 3265 381 3341 gentis
400 3265 534 3341 augelus,
565 3266 609 3322 eui
634 3261 747 3336 credita
765 3274 810 3322 est
827 3264 923 3339 gentis
941 3263 1029 3340 ipsius
1048 3259 1196 3340 dispensa-

212 3348 253 3404 tio
272 3367 289 3404 a
307 3347 374 3417 deo,
405 3350 451 3423 qui
479 3358 573 3404 tamen
601 3366 664 3403 cum
691 3349 866 3423 apparuerit,
887 3348 1013 3425 quamvis
1031 3356 1148 3424 putetur
1166 3356 1198 3402 et

214 3430 368 3487 dicaturab
380 3429 422 3486 his
441 3429 541 3506 quibus
560 3440 688 3507 praeest,
714 3429 796 3502 deus,
817 3443 911 3491 tamen
929 3433 1124 3508 interrogatus
1140 3449 1196 3487 non

214 3604 427 3617 *nnn-

250 3667 256 3697 1
360 3682 362 3686 .

242 3666 275 3792 ⁸²i
293 3667 498 3787 {32³3ssssst
517 3738 707 3795 npud'uuum
726 3739 768 3784 sit
787 3739 880 3784 desunt
896 3739 923 3783 iu
942 3737 1196 3795 introqueooumtpn.

249 3800 274 3862 ³)
294 3804 370 3849 cndu.
389 3804 482 3861 bipes:
502 3804 554 3862 qui
571 3808 674 3852 tomen
694 3819 869 3865 apparuere
884 3805 1066 3853 homiuibus.
1093 3805 1197 3850 Sedet

213 3871 319 3917 secreti
336 3875 384 3918 ete.
403 3872 509 3928 Reliqua
529 3872 626 3918 denunt.
