2634 4400
630 171 676 232 85

545 261 760 278 —n—-ffl

149 373 312 457 sacrificiis
339 371 375 434 de
403 374 570 452 captivitate
589 373 740 434 'liberatur
763 386 805 447 ,et
832 376 860 434 in
888 385 993 434 terrant
1021 377 1142 454 patriam

161 459 341 523 restituitur,
381 457 440 520 Sed
458 459 513 518 boc
541 458 705 538 intelligere
727 479 836 538 paucos
854 457 1003 518 admodum
1022 457 1139 540 accidit,

160 543 261 606 Plures
288 545 363 604 caim
391 545 502 602 etiamsi
519 545 637 615 ¹sentire
664 543 738 603 baec
766 556 796 603 et
822 543 1140 624 adverterepoterant,

160 629 238 706 ,vulgi
266 639 360 688 tamen
388 629 547 688 irrationali
580 629 717 707 opinione
745 627 926 690 tenebantur.
982 629 1142 706 Paucorum

160 732 282 792 namque
301 724 346 774 est
363 724 445 772 recta
462 733 526 772 cnm
546 713 680 772 libertate
698 715 853 774 sententia.
953 775 957 780 ,
1170 782 1173 788 ,

201 797 259 864 58
307 797 398 876 igitur
423 797 542 878 Moyses
573 797 636 856 bis
645 797 849 858 administratis
874 797 975 860 Auser
1002 798 1142 878 quendam

161 884 275 942 nomine
293 901 478 962 praeponens
496 883 619 962 popnio,
649 883 697 961 qui
725 903 776 943 eos
794 895 949 944 rerocaret
965 882 1004 942 ad
1021 886 1143 984 patriani

160 965 279 1039 terram,
309 969 371 1047 ipsc
390 967 426 1027 ad
444 980 568 1028 montem
596 967 737 1068 quendam
763 980 923 1047 praecepto
951 967 997 1027 dei
1019 970 1142 1028 viventis

160 1052 331 1125 ascendens,
352 1047 422 1112 itio
420 1052 580 1112 defunctus
599 1064 658 1126 est,
689 1055 769 1112 cuius
787 1065 883 1113 tamen
897 1053 961 1112 tatis
975 1055 1029 1112 tuit
1051 1074 1141 1125 mors,

160 1149 297 1216 utusque
316 1140 344 1196 in
363 1137 531 1198 hodiernum
550 1137 625 1197 diem
640 1138 816 1216 ,sepulturam
835 1139 896 1198 eius
915 1119 1033 1198 nudius
1025 1157 1144 1197 rnrene·

160 1225 209 1282 rit.
257 1221 295 1280 Ut
321 1241 393 1300 crgo
420 1224 541 1302 populus
560 1224 691 1302 ¹patrium
709 1223 833 1300 contigit
849 1223 953 1296 sudum,
973 1242 1028 1302 per
1045 1225 1143 1302 provi,-

161 1306 285 1366 dentiam
305 1306 351 1366 dei
370 1310 461 1386 primo
479 1309 574 1372 statim
593 1309 726 1386 ingressu
745 1308 902 1388 iniquarum
921 1309 1048 1387 gentium
1063 1307 1144 1366 babi-

161 1403 270 1457 tatores
296 1393 443 1471 sugantur,
464 1403 494 1452 et
511 1394 566 1471 ipsi
585 1390 774 1455 hereditatem
789 1404 938 1471 paternam
952 1391 1048 1452 iudice
1062 1403 1143 1462 sorte

159 1477 329 1556 suscipiunt.
374 1477 444 1536 Tum
472 1474 576 1538 deinde
603 1496 658 1556 per
684 1477 854 1555 aliquantum
882 1478 1021 1555 temporis
1039 1476 1143 1535 indici·

159 1561 224 1634 bus,
252 1582 310 1620 non
337 1562 455 1641 regibus
482 1561 649 1638 gubernati,
679 1573 756 1620 statu
773 1561 971 1640 tranquilliore
990 1558 1140 1620 durarunt.

161 1645 215 1706 Ubi
233 1665 303 1706 vero
321 1658 460 1728 tyrannos
478 1646 531 1706 sibi
551 1647 641 1724 magis
661 1647 830 1725 quaesiuere
849 1667 931 1726 quam
949 1665 1053 1726 reges,
1074 1657 1146 1706 tune
1229 1645 1234 1654 ’

158 1733 246 1802 etiam
265 1732 294 1790 in
313 1732 390 1803 ioco,
411 1735 457 1810 qui
477 1734 519 1790 eis
539 1733 678 1790 orationis
696 1751 798 1793 caussa
820 1731 917 1790 iuerat
941 1728 1143 1810 praedestina·
1185 1749 1189 1758 ·

160 1826 217 1889 tus,
237 1816 371 1896 tempium
390 1837 443 1896 pro
461 1816 616 1892 ambitione
635 1817 718 1894 regia
736 1827 941 1893 construxere,
969 1827 1002 1875 et
1027 1817 1069 1874 sic
1088 1833 1143 1895 per

161 1901 290 1960 ordinem
310 1901 540 1980 regibusiuapiis
558 1902 613 1962 sibi
632 1903 754 1964 invicem
773 1899 1006 1972 succedentibus,
1027 1899 1064 1959 ad
1081 1919 1142 1960 ma-

135 1981 139 1988 ’
160 1988 238 2046 iores
257 1987 419 2065 impietates
439 1988 523 2046 etiam
542 1987 664 2066 populus
682 1985 848 2049 declinarit

202 2071 258 2130 58.
307 2071 343 2130 Ut
369 2083 463 2131 autem
490 2083 602 2150 tempus
620 2068 724 2135 adesse
744 2072 853 2149 coepit,
874 2092 930 2150 quo
948 2069 977 2130 id
995 2069 1072 2150 quod
1090 2067 1142 2130 de-

160 2175 226 2217 esse
243 2149 380 2256 Moysis
372 2155 507 2217 institutis
526 2155 646 2217 diximus
664 2157 843 2236 impleretur,
864 2167 895 2217 et
907 2155 1142 2236 prophetaquem
1205 2212 1215 2223 ,

160 2243 364 2322 praecinuerat
391 2254 556 2322 appareret,
587 2243 633 2321 qui
661 2262 713 2301 eos
731 2244 823 2320 primo
841 2261 896 2319 per
913 2241 1142 2301 misericordiam

161 2326 208 2387 dei
235 2340 366 2387 moneret
393 2347 509 2387 cessare
537 2348 555 2385 a
581 2327 749 2397 sacrificiis,
787 2336 817 2385 et
843 2345 880 2384 ne
907 2326 983 2385 forte
1007 2336 1143 2403 putarent

161 2408 459 2471 cessantibus'bostiis
478 2412 676 2471 remissionem
693 2411 749 2472 sibi
772 2431 828 2468 non
852 2409 916 2469 deri
942 2419 1141 2489 peccatorum,

159 2497 301 2576 baptisma
319 2498 362 2557 eis
380 2517 434 2577 per
451 2517 549 2576 aquam
569 2497 678 2567 statuit,
699 2497 727 2554 in
747 2516 802 2575 quo
825 2494 860 2554 ab
884 2495 1012 2553 omnibus
1035 2513 1144 2573 pecca·

7 2656 9 2663 γ
114 2580 197 2641 ··'us
229 2584 362 2642 invocato
390 2584 452 2642 eius
479 2584 593 2641 nomine
612 2582 807 2651 solverentur,
842 2579 926 2640 etde
945 2580 1056 2659 reiiquo
1074 2599 1175 2659 per-⁰

160 2668 266 2727 fectum
284 2669 369 2727 vitam
383 2679 541 2768 sequentes
568 2669 596 2725 iu
620 2667 831 2725 immortalitate
850 2664 997 2734 durarent,
1019 2685 1075 2723 non
1089 2682 1142 2743 pe-

161 2749 262 2811 cudum
289 2756 429 2831 sanguine
456 2750 508 2813 sed
535 2752 696 2851 sapientiae
723 2750 771 2809 dei
791 2741 994 2829 purificatione
1013 2750 1139 2849 purgati.

159 2832 291 2918 Denique
318 2839 404 2897 etiam
432 2837 487 2897 hoc
511 2838 630 2937 ponitur
657 2835 776 2896 euidens
798 2837 893 2913 magni
911 2835 1041 2914 mysterii
1059 2835 1142 2893 buius

160 2920 307 2993 indicium,
328 2934 361 2981 ut
372 2924 463 2981 omnis
473 2924 519 3001 qui
538 2921 662 2981 credens
679 2912 839 2999 prophetae
854 2920 931 2991 huic,
948 2920 994 2998 qui
1008 2940 1026 2977 a
1038 2918 1142 2997 Moyse

160 3004 326 3085 praedictus
345 3018 399 3076 est,
420 3008 607 3085 baptizatur
599 3027 628 3064 ιιι
647 3007 761 3064 nomine
780 3006 880 3083 ipsius,
900 3005 936 3062 ab
950 3003 1067 3063 excidio
1079 3004 1143 3061 bcl-

160 3092 180 3149 li
209 3086 284 3173 quod
311 3088 477 3149 incredulae
499 3092 580 3167 genti
608 3092 736 3150 imminet
760 3109 795 3146 nc
822 3090 923 3147 ioco
915 3090 981 3165 rpsi,
1011 3098 1143 3145 servetur

160 3168 291 3246 illaesus,
313 3195 370 3233 nou
389 3172 543 3232 credentes
570 3193 641 3231 vero
665 3183 798 3231 extorres
816 3172 882 3230 loco
901 3183 932 3229 ct
949 3190 1042 3249 regno
1060 3171 1140 3242 iiaat,

160 3272 225 3319 ut
208 3260 280 3317 tei
273 3261 353 3319 unviti
372 3260 534 3337 intelligant
551 3269 581 3317 et
600 3256 737 3316 obediant
753 3258 891 3315 voluntati
910 3254 969 3315 dei.

202 3342 259 3403 40.
307 3345 357 3403 His
377 3346 465 3421 igitar
483 3345 522 3402 ita
540 3339 754 3422 praeordinatis
781 3340 864 3400 adest
886 3342 932 3420 qui
952 3341 1143 3419 exspectaba-

161 3442 217 3500 tur,
237 3428 344 3487 indicia
362 3430 405 3487 sui
433 3429 532 3507 quibus
555 3430 639 3487 iteret
657 3428 883 3498 manifestus,
861 3447 943 3504 sigua
962 3437 992 3484 et
1009 3425 1143 3525 prodigia

156 3506 308 3573 deterens
356 3512 415 3572 Sed
443 3532 481 3573 ne
507 3516 548 3573 sic
576 3511 688 3591 quidem
715 3513 836 3603 popuius
864 3509 1027 3580 credidit,
1032 3512 1079 3589 qui
1106 3508 1143 3569 ad

161 3596 236 3659 hacc
256 3588 402 3657 credenda
420 3610 475 3657 tot
481 3599 604 3657 saeculis
623 3596 751 3657 eruditus
770 3608 829 3668 est3
855 3608 885 3654 ct
902 3617 958 3654 nou
977 3596 1066 3654 scium
1086 3615 1142 3652 non

162 3682 296 3755 credidit,
318 3682 369 3743 sed
388 3680 497 3743 addidit
514 3681 677 3741 infidotimti
702 3642 917 3760 blaspbeiaiam,
937 3698 1072 3764 toracem
1089 3679 1143 3736 bo-

127 3836 144 3850 m
161 3770 264 3829 minem
284 3780 313 3829 et
330 3770 423 3869 sertui
442 3770 626 3841 servientem,
653 3786 689 3829 ac
716 3764 856 3827 daemone
875 3766 935 3843 ogi
942 3754 1017 3835 eum,
1038 3764 1086 3843 qui
1104 3762 1141 3823 o'b
1190 3810 1199 3817 .
