2634 4400
584 307 649 371 llll

512 399 726 414 m

126 515 180 573 dos
199 515 304 584 erexit,
330 514 483 590 languores
503 525 533 572 et
551 513 706 572 doemones
725 515 871 592 effugavit,
890 527 1018 574 mortuos
1036 517 1108 574 lecit

126 604 295 674 resurgere,
318 609 347 656 et
365 599 420 655 elin
439 598 483 656 bis
502 599 607 669 similia,
623 617 696 676 qune
714 601 799 657 etium
819 619 873 676 per
890 601 1008 658 meliori
1026 600 1107 658 ride·
1185 627 1190 636 ·

126 685 175 742 tis.
225 683 282 741 lstn
302 701 373 758 ergo
393 685 473 760 sigon
494 703 566 761 quoe
586 682 621 740 nd
641 685 759 742 salutem
781 685 921 742 bominum
940 696 1060 762 prosunt
1078 695 1108 742 et

126 767 232 846 uliqnid
252 767 318 825 boni
339 768 495 825 bominibus
520 769 682 837 conterunt,
705 770 843 845 malignus
861 770 960 826 locere
979 790 1034 826 non
1055 790 1107 846 po·

126 863 196 921 test,
218 853 317 908 nisiin
338 851 506 908 boemundi
526 862 642 910 tuntum.
688 854 767 910 Turne
791 856 864 910 enim
892 852 1052 911 admiscere
1077 855 1107 910 ei

128 934 299 994 conceditur
316 936 409 1012 aliquo
428 937 511 993 etium
532 935 567 993 de
588 935 696 994 dextris
707 939 807 1014 signis,
829 937 922 1008 idest,
944 939 1026 995 utvel
1038 936 1126 994 dne?

126 1040 228 1080 mones
244 1021 338 1098 luget,
359 1021 404 1078 vel
423 1020 619 1097 aegritudines
638 1033 731 1092 senet,
753 1035 781 1079 et
801 1034 922 1100 propter
947 1022 1014 1092 hoe,
1045 1033 1108 1078 tou-

56 1171 61 1178 ἱ
128 1125 211 1184 quam
231 1105 278 1182 qui
297 1107 457 1162 excesserit
479 1107 616 1163 terminos
635 1125 702 1164 suos
722 1109 797 1165 etin
824 1109 1007 1185 semetipsum
1035 1105 1107 1179 diri-

128 1209 176 1248 sus
195 1191 243 1258 sit,
264 1209 297 1246 no
317 1191 498 1267 semetipsum
513 1191 731 1268 impugnaverit
753 1191 927 1250 destruetur.
965 1192 1003 1248 lit
1020 1211 1108 1269 prop-

127 1286 211 1332 terea
230 1272 358 1332 dominus
377 1273 520 1351 praedixit
531 1317 547 1344 ‚.
568 1276 596 1331 in
624 1277 784 1334 novissimis
811 1276 986 1354 temporibus
1014 1287 1108 1333 tento-

127 1361 235 1416 tionem
247 1359 367 1416 luturam
377 1358 462 1416 tnlem
472 1361 499 1416 in
511 1379 564 1436 qua
584 1358 773 1436 decipiantur,
793 1363 817 1418 si
829 1361 890 1419 lieri
901 1372 1009 1438 potest,
1022 1363 1108 1417 etium

128 1444 234 1514 eleeti3
255 1444 380 1501 confusis
396 1444 507 1501 scilieet
526 1442 638 1500 indiciis
657 1446 802 1520 signorum
813 1445 975 1522 perturbari
986 1464 1108 1502 neeesse

128 1539 175 1586 est
194 1529 276 1585 etium
297 1547 360 1598 eos,
382 1529 427 1605 qui
447 1529 480 1584 in·
494 1527 693 1586 discernendis
707 1530 865 1606 spiritibus,
886 1528 1108 1605 aedistinguen-

128 1612 173 1670 dis
191 1612 339 1670 virtutibus
351 1612 489 1670 sidentur
507 1611 622 1670 eruditi.

171 1695 228 1754 61.
275 1695 382 1754 Decem
402 1717 473 1774 ergo
493 1716 565 1774 quoe
585 1696 705 1756 diximus
722 1699 813 1775 poris,
835 1697 911 1771 buie
927 1697 1030 1755 mundo
1058 1696 1109 1755 de·

128 1783 233 1840 stinatu
253 1793 317 1838 sunt
335 1781 369 1838 ub
389 1783 470 1839 initio
489 1783 589 1840 seculi.
637 1781 707 1839 Cain
727 1794 757 1840 et
773 1781 847 1841 Abel
866 1800 957 1840 uoum‘
970 1784 1022 1840 luit
1043 1803 1106 1860 por.
1141 1728 1147 1837 l

130 1865 294 1924 Secundum
314 1885 383 1923 vero
407 1865 569 1942 Gigantum,
590 1877 620 1924 et
638 1865 714 1924 Noe.
760 1868 886 1926 Tertium
907 1868 1061 1925 Pharaonis
1080 1879 1110 1924 et
1142 1859 1148 1929 l

127 1951 285 2009 Abrabam.
333 1950 843 2021 QtrnrtnmPhilistinorumetlsaee.
892 1954 1021 2024 Quintum
1034 1952 1109 2008 Esou
1141 1950 1145 2004 l

130 2046 161 2094 et
181 2034 276 2092 loeob.
325 2033 441 2091 Sextum
461 2055 605 2111 magorum
625 2047 654 2094 et
673 2037 847 2114 legislatoris
860 2037 965 2115 Moysi.
1014 2036 1109 2113 Septi·
1139 2006 1144 2095 l

129 2139 204 2178 rtrum
223 2120 374 2176 tentatoris
394 2131 423 2176 et
442 2121 489 2178 filii
510 2121 641 2179 bominis.
689 2121 824 2179 Octavum
837 2122 959 2180 Simonis
978 2133 1007 2178 et
1017 2138 1108 2178 meum
1138 2097 1144 2202 ἒ
1165 2120 1167 2125 ’

130 2205 221 2263 Petri.
268 2204 380 2261 Nonum
400 2209 521 2263 omnium
540 2208 678 2282 gentium,
700 2218 729 2263 et
751 2208 826 2265 illius
854 2208 900 2284 qui
919 2208 1047 2263 mittetur
1064 2225 1110 2262 se-

129 2291 240 2348 minare
258 2289 372 2347 verbum
385 2290 460 2347 inter
470 2301 582 2365 gentes.
614 2288 760 2347 Decimum
769 2290 940 2348 Anticlrristi
951 2289 1108 2359 ethristi,
1137 2313 1142 2369 p

128 2374 169 2433 de
188 2374 287 2451 quibus
305 2374 419 2451 peribus
437 2375 507 2431 elius
526 2373 607 2431 vobis
625 2393 680 2451 per
697 2375 806 2449 singulo
827 2375 909 2431 letius
920 2391 1107 2450 exponemus.

129 2459 169 2518 Et
196 2478 258 2516 eum
286 2459 358 2517 haee
386 2457 499 2516 diceret
526 2458 642 2527 Petrus,
670 2456 774 2536 Aquila
801 2459 856 2515 sit:
886 2459 964 2515 Vere
992 2456 1111 2515 adsidue

130 2543 265 2601 doctrino
284 2564 354 2621 opus
373 2554 428 2613 est,
449 2554 480 2601 ut
499 2542 534 2601 de
553 2544 672 2619 singulis
690 2544 780 2621 possit
798 2544 860 2621 quis
870 2544 946 2600 seire
956 2544 1107 2599 rationem.

131 2664 135 2667 -
174 2626 231 2686 69.
277 2627 317 2685 At
335 2626 452 2686 Petrus:
475 2628 543 2699 Quis
562 2638 618 2697 est,
639 2629 685 2705 qui
705 2627 833 2685 assiduus
852 2629 890 2685 sit
908 2646 979 2704 erge
1002 2626 1110 2683 doetri-

129 2732 196 2771 naut
215 2723 245 2770 et
262 2711 389 2771 studiose
409 2714 520 2789 singulo
539 2731 668 2789 quaeque
686 2714 850 2790 perquiret?
869 2712 1109 2789 nisiquianimom

130 2816 217 2855 suum.
229 2795 321 2872 diligit
339 2795 375 2853 ad
394 2798 511 2855 salutem
531 2808 561 2854 ot
578 2796 707 2855 omnibus
734 2798 884 2855 renunciat
908 2796 990 2855 buius
1001 2852 1006 2856 ,
1017 2794 1111 2853 mnndi

130 2882 270 2957 negotiis,
291 2892 321 2937 ut
339 2882 393 2939 soli
411 2882 500 2941 verbo
524 2880 570 2939 dei
598 2892 693 2950 vacet,
714 2901 797 2958 quem
824 2883 915 2939 solum
942 2880 1111 2958 prudentem

130 2963 240 3025 iudieut
257 2983 341 3021 verus
359 2966 510 3043 prophete,
539 2964 709 3023 vendentem
737 2958 831 3024 om‘nia
858 2984 931 3043 quae
958 2986 1008 3023 soe
1034 2975 1109 3034 sunt,

131 3061 163 3108 et
180 3058 323 3107 ementem
343 3068 424 3105 unam
444 3068 538 3106 verum
557 3051 752 3125 margaritam,
774 3061 803 3107 et
820 3050 1027 3126 intelligentem
1038 3067 1111 3126 quae

87 3185 91 3189 .
130 3136 169 3194 sit
188 3131 350 3189 differentia
368 3152 385 3189 s
404 3134 607 3210 temporalibus
625 3132 663 3190 ad
681 3145 810 3203 aeterua,
831 3134 925 3211 parvis
942 3132 979 3190 od
997 3152 1110 3209 magno,

127 3214 294 3277 'bominibus
312 3214 348 3273 ud
366 3215 460 3275 deum.
507 3217 646 3294 inteiligit
664 3218 738 3275 enim
758 3237 831 3295 quoe
849 3218 886 3275 sit
903 3228 1021 3275 aeterne
1047 3234 1113 3294 spes

128 3300 208 3379 epud
226 3319 323 3357 verum
343 3312 372 3358 et
390 3301 492 3359 bonnm
516 3301 609 3381 deum.
658 3302 727 3373 Quis
753 3313 847 3361 autem
876 3313 920 3359 est
946 3302 992 3380 qni
1020 3300 1113 3378 diligit

132 3386 229 3455 deum,
250 3386 304 3443 nisi
324 3387 371 3463 qui
390 3388 557 3462 sapientiam
578 3389 639 3445 eius
666 3389 822 3463 eognovit?
850 3385 992 3465 qnomodo
1018 3398 1111 3444 antem

129 3472 196 3548 ¹quis
214 3488 375 3546 agnoscere
395 3472 502 3547 poterit
520 3472 687 3549 sapientium
706 3470 764 3542 dei,
786 3474 839 3531 uisi
858 3470 987 3529 assiduus
1014 3473 1051 3529 sit
1077 3470 1112 3527 ud

132 3553 303 3612 audiendum
322 3555 438 3613 verbum
459 3557 538 3613 eius?
557 3575 594 3613 ex
609 3576 668 3634 quo
688 3556 809 3628 eccidit,
839 3567 870 3615 ut
895 3576 1021 3614 amorem
1052 3557 1112 3612 eius

132 3639 281 3715 eonoipiot
308 3650 337 3695 et
361 3638 448 3716 digno
468 3658 530 3697 erum
550 3640 660 3698 bonore
678 3652 849 3711 veneretur,
870 3641 981 3719 hymnis
999 3650 1029 3695 et
1048 3659 1113 3704 ornf

131 3722 258 3781 tionibus
277 3720 312 3779 ud
332 3743 394 3781 eum
413 3725 493 3795 lusis,
524 3736 553 3782 et
576 3726 603 3781 in
631 3725 675 3783 bis
701 3725 886 3784 libentissime
914 3724 1111 3800 requiescens,

133 3826 325 3885 summumque
337 3800 483 3886 'deputans
503 3807 715 3879 detrimentum,
736 3812 759 3867 si
779 3808 889 3887 mando
908 3806 1015 3883 aliquid
1037 3806 1112 3864 aliud

1142 1840 1146 1854 b

128 3891 179 3949 ⁴vel
200 3891 235 3947 ad
254 3904 425 3951 momentum
443 3896 581 3972 temporis
599 3895 731 3972 loquetur
749 3903 799 3951 out
816 3902 898 3968 agat,
928 3893 991 3969 quin
1011 3910 1113 3949 revera
