2634 4400
619 253 625 262 ⁶
684 261 731 322 80

217 468 329 528 mortali
349 467 556 548 gubernaculo,
577 468 651 524 ultra
670 487 726 524 non
745 468 875 524 sinentes
901 468 1014 526 irruere
1036 470 1200 546 passionem

218 555 359 614 carnalem
377 554 417 610 illi
436 551 587 610 immortali
606 562 636 610 et
654 550 829 628 intelligibili
845 551 1033 623 substantiae,
1058 553 1200 612 bonorem

215 649 322 696 tantum
342 638 495 715 unicuique
513 635 733 712 intelligibilium
752 646 980 712 sequestrantes,
1009 647 1143 714 quantum
1169 639 1200 695 ei

216 725 239 782 is
258 742 340 801 quem
360 741 423 780 esse
440 721 487 778 vel
505 738 642 797 praeesse
660 730 774 780 onustat
791 718 847 777 deo
860 721 1010 797 permittit.
1056 721 1109 778 Est
1122 723 1199 780 euim

216 810 348 885 primum,
369 805 444 885 quod
463 816 507 863 est
525 805 694 881 ingenitum,
715 805 761 862 cui
779 815 810 863 et
826 805 985 883 propbetas
1004 806 1199 888 testimouium

161 928 166 934 -
215 893 427 974 perbibeot21)
455 889 520 965 Ego
541 887 747 964 Deusprimus,
767 899 798 946 et
814 907 871 965 ego
890 900 956 965 post
973 889 1045 946 baec
1063 900 1094 948 ut
1111 910 1215 967 prae-t

215 989 323 1034 terme
344 975 420 1033 Deus
438 994 495 1030 non
514 983 573 1045 est3
595 974 649 1030 boc
668 991 738 1032 vero
757 972 923 1032 subauditur
940 992 1005 1032 esse
1024 975 1087 1033 sine
1113 975 1197 1034 initio

216 1072 245 1118 et
263 1061 431 1136 ingenitum.

259 1144 290 1203 ⁷.
338 1143 470 1200 Clemens
497 1161 568 1200 vero
596 1152 626 1200 et
653 1142 763 1200 caeteri
781 1143 1044 1219 interrogaverunt,
1065 1141 1134 1220 quid
1153 1155 1199 1202 est

215 1228 270 1286 bor
291 1227 461 1306 lngeuitum‚
482 1226 581 1284 audire
603 1227 745 1284 volentes.
791 1225 830 1283 Et
847 1226 949 1285 Petrus
966 1226 1198 1296 animadvertens

215 1315 270 1370 ait:
292 1311 358 1370 Nou
377 1311 518 1372 modicum
538 1311 752 1388 periculumest
770 1309 806 1382 «le
826 1329 874 1381 eo,
895 1309 1197 1390 quodsiueprincipio

216 1407 260 1455 est
278 1397 354 1474 loqui
364 1398 409 1455 vel
420 1391 532 1465 audire,
552 1415 603 1454 vos
621 1415 692 1454 vero
706 1415 758 1472 pro
769 1393 916 1453 desiderio
926 1414 1108 1472 eorumquae
1119 1394 1197 1454 (licta

215 1492 290 1552 sunt,
304 1483 518 1539 immensitatem
530 1481 642 1539 irruere
652 1479 870 1557 periclitamiui3
882 1490 913 1537 et
925 1498 971 1538 me
981 1480 1036 1536 boc
1044 1481 1104 1557 pati
1114 1490 1145 1538 ut
1154 1482 1197 1538 ui·

215 1565 271 1624 ileo
291 1567 425 1644 captatis,
455 1565 501 1641 qui
520 1565 625 1640 putatis
643 1582 730 1641 posse
746 1563 813 1621 mibi
833 1563 869 1620 de
887 1564 937 1621 illo
955 1562 1031 1641 quutl
1049 1565 1197 1622 ineffabile
1279 1601 1284 1610 ·

216 1661 260 1710 est
278 1650 438 1726 subripere.
485 1646 591 1704 Moneo
610 1657 704 1706 autem
722 1667 774 1705 vos
792 1648 897 1706 fratres
912 1659 946 1705 et
963 1650 1108 1720 conservi,
1138 1669 1196 1706 uon

216 1732 281 1810 quid
300 1734 337 1790 sit
356 1725 508 1810 quaerere,
530 1730 581 1788 sed
600 1732 667 1810 quia
685 1743 730 1790 est
746 1730 941 1790 tantummodo
959 1731 1060 1791 audire
1078 1731 1197 1810 deside

215 1836 292 1876 rare.
340 1817 377 1874 Et
400 1815 437 1874 le
465 1816 520 1872 boe
547 1816 609 1894 plus
635 1815 743 1894 aliquid
771 1815 871 1874 dicere
892 1837 948 1874 noo
968 1827 1110 1894 oportet..
1143 1817 1197 1878 Est

215 1901 375 1976 lngenitum
394 1921 451 1958 non
469 1900 531 1958 sola
548 1901 743 1977 appellatione
762 1901 969 1970 honorandum,
999 1910 1043 1958 est
1071 1901 1146 1959 euim
1165 1913 1196 1960 et

215 1986 277 2042 sine
296 1984 392 2057 initio3
413 1985 468 2042 boe
496 1995 590 2042 autem
610 1986 672 2042 sine
691 1985 772 2043 initio
795 1995 826 2042 et
851 1985 1011 2062 lngeuitnm
1038 1995 1093 2043 est.
1109 1985 1193 2055 oeus,

215 2067 290 2146 quod
308 2089 324 2126 a
342 2070 403 2127 sola
422 2070 556 2148 opinione
576 2089 673 2128 eorum
693 2089 766 2147 quae
783 2072 859 2127 laeta
877 2080 942 2128 suut
958 2069 1157 2140 adnunciatur,
1178 2092 1197 2128 a
1293 2062 1294 2083 ³

215 2173 246 2212 se
266 2155 328 2232 ipso
347 2163 441 2213 autem
460 2153 722 2232 comprehenditur.
769 2154 834 2214 Non
854 2156 928 2214 enim
947 2154 1195 2233 iuvenieteliquid

214 2240 257 2297 sui
276 2240 367 2317 primo
386 2239 493 2310 luisse,
523 2250 552 2298 et
580 2238 687 2318 aliquid
706 2251 806 2318 postea
823 2240 927 2298 lactum
947 2242 1118 2318 conspicere
1136 2242 1193 2312 sui,

214 2344 250 2383 eo
270 2323 345 2403 qaod
362 2326 425 2384 sine
443 2325 584 2403 principio
604 2343 668 2383 eum
687 2344 752 2383 esse
771 2334 900 2396 constet;
929 2323 1001 2383 baec
1028 2333 1122 2382 autem
1141 2344 1195 2383 eo·

213 2430 273 2468 rum
293 2430 364 2487 quae
383 2412 460 2467 facta
478 2420 543 2467 sunt
559 2411 697 2479 visitatio,
718 2408 931 2487 propterquod
954 2408 1023 2467 illud
1049 2406 1126 2486 quod
1149 2421 1196 2467 est

213 2494 370 2565 ineffabile,
392 2493 427 2551 ad
446 2494 659 2569 inquisitionem
678 2494 732 2563 sui,
753 2493 828 2571 quod
847 2496 935 2552 fuerit
943 2504 1010 2551 aute
1020 2491 1196 2571 praevidere

107 2592 111 2598 ’
214 2598 294 2656 quam
313 2580 412 2649 fuerit,
433 2578 551 2654 spatium
570 2596 626 2634 noo
646 2576 746 2649 babet3
775 2598 831 2638 nou
859 2579 934 2638 enim
961 2575 1136 2636 secundatur
1156 2578 1194 2635 ab

214 2683 249 2721 eo
269 2665 315 2740 qui
335 2673 379 2721 est
397 2662 484 2739 ipsius
503 2662 647 2718 esseutiae
667 2662 831 2721 euriositas.
877 2661 966 2720 Novit
991 2663 1080 2739 igitur
1097 2681 1130 2719 se
1148 2663 1195 2740 ip·

213 2767 284 2817 sum,
306 2749 351 2823 qui
370 2765 427 2803 non
448 2746 609 2821 interrogat
627 2764 658 2803 se
678 2744 715 2803 tle
733 2765 765 2805 se
783 2748 857 2824 ipso.
904 2745 964 2804 Sed
987 2746 1059 2804 baec
1078 2745 1194 2823 quidem

213 2832 379 2907 eiiamsptus
397 2848 478 2906 quam
498 2838 614 2906 oportet
632 2829 765 2901 diximus,
785 2841 862 2889 amat
880 2832 954 2899 enim
973 2830 1128 2907 illudquod
1147 2842 1194 2889 est

213 2915 384 2991 Ingenitum,
405 2914 518 2971 silentio
539 2913 673 2972 honorari
697 2914 901 2973 tautummodo.
949 2914 1020 2973 Siue
1047 2916 1193 2992 principio

213 3018 284 3075 orgo
305 2998 376 3055 hanc
395 2997 590 3069 substantiam,
616 2998 770 3057 secundum
798 2998 872 3077 quoti
900 3000 1008 3057 sentire
1034 3000 1191 3076 potuimus,

212 3084 317 3160 absque
335 3082 464 3160 periculo
483 3085 662 3162 suscepistis.

255 3166 287 3225 8.
336 3168 388 3239 Qui
417 3186 489 3245 ergo
513 3187 577 3227 esse
601 3189 656 3226 non
685 3168 830 3227 inchoavit
851 3166 1016 3245 praediatus
1035 3165 1117 3237 uleus,
1139 3186 1193 3244 ge·

212 3254 272 3309 nuit
290 3253 512 3328 primogenitum
534 3255 624 3310 omnis
652 3264 824 3323 creaturae,
853 3254 936 3310 sicuti
965 3251 1047 3310 deum
1076 3249 1190 3324 decuit3

211 3357 267 3393 non
294 3355 324 3394 se
353 3338 519 3407 immutans,
548 3358 605 3395 noo
632 3356 664 3394 se
692 3347 874 3408 convertens,
904 3356 959 3394 oon
986 3355 1019 3393 se
1046 3335 1190 3407 dividens,

212 3440 276 3487 non¹
297 3419 436 3492 defluens,
466 3442 523 3479 non
551 3419 711 3479 extendens
737 3419 854 3498 aliquid.
909 3420 1086 3479 Mementote
1114 3421 1192 3477 enim

212 3506 277 3581 quia
295 3506 365 3563 boec
385 3524 537 3583 corporum
557 3515 622 3563 sunt
639 3506 800 3581 passiones,
821 3525 890 3583 quas
912 3506 999 3562 etiam
1016 3506 1127 3562 animae
1138 3504 1193 3561 tri-

211 3588 300 3647 buere
319 3590 553 3665 subterfugimus,
591 3590 696 3647 timore
722 3608 758 3648 ne
785 3590 861 3646 l'orte
884 3589 1081 3646 immortalitas
1100 3590 1127 3645 ei
1147 3588 1192 3644 bis

212 3673 354 3732 attributis
372 3675 528 3730 auferatur.
577 3671 681 3730 Gcouit
709 3692 780 3750 ergo
800 3671 880 3744 deus,
910 3670 986 3752 quod
1005 3684 1034 3731 et
1052 3673 1192 3729 facturam

213 3801 336 3809 n—--—-.
347 3801 350 3805 -

251 3859 274 3916 ¹)
292 3862 338 3904 les.
357 3859 399 3913 44,
419 3860 441 3901 6.
