2634 4400
575 314 655 375 25⁷.

505 409 719 423 m

116 534 177 591 tum
196 520 330 601 frigidum
349 540 402 600 per
420 523 636 580 concretionem
657 518 785 598 glacialis
800 515 894 579 bullae
912 520 947 580 ad
962 521 1102 579 inferiora

116 610 221 667 inisset
239 606 413 686 absorptum,
435 616 464 665 et
482 606 589 665 aridum
608 606 711 665 inisset
724 604 922 684 bumidumqne
933 605 1100 678 discretum,

117 694 196 753 nullo
215 692 269 750 iam
287 689 474 770 impediente,
497 692 668 751 elementum
687 688 806 749 calidum
831 691 905 768 ignis
932 701 1032 768 utpote
1060 692 1102 749 vi·

87 772 100 855 ἰ
118 798 193 856 gere
222 774 252 836 et
279 778 395 835 levitate
423 772 459 835 ad
478 778 629 854 superiora
648 772 810 837 convolavit
828 777 915 846 aeris,
945 777 1045 853 spiritu
1071 786 1103 833 et
1151 833 1153 842 ,
1196 761 1198 770 ’

117 862 249 941 procella
268 863 443 921 subtectum
491 860 571 920 Hanc
591 882 663 939 ergo
689 862 862 941 procellam,
883 863 1103 941 ιιιιιιικαταιιὶς

119 946 233 1007 Graece
251 947 425 1037 appellatur,
442 968 555 1025 negem,
577 946 606 1005 id
620 958 665 1005 est
676 967 790 1025 capram
801 946 944 1014 dixerunt
967 956 996 1004 et
1005 964 1101 1025 ignem

119 1034 168 1112 qui
187 1031 223 1091 ad
241 1050 364 1113 superna
383 1020 562 1109 conscendit,
584 1032 697 1105 levem,
718 1043 748 1091 et
766 1032 832 1091 ideo
852 1052 915 1090 enm
935 1051 1022 1111 capra
1036 1030 1103 1091 sub·

117 1128 231 1178 vectum
251 1102 455 1177 conscendisse
475 1118 528 1199 01,
531 1139 621 1198 mpnm
641 1078 748 1176 dicbnt.

161 1237 217 1295 55.
265 1236 359 1316 lpsnm
378 1256 447 1297 atero
467 1237 562 1296 lovem
575 1237 678 1297 Graeci
698 1236 810 1315 quidem
829 1257 847 1296 a
864 1235 987 1295 vivendo
1004 1234 1102 1297 velui-¹

118 1334 178 1381 tam
197 1321 301 1395 dando,
321 1323 413 1381 nostri
431 1341 448 1381 a
465 1321 587 1395 iuvando
606 1322 779 1394 nominatum
796 1323 904 1380 volunt.
931 1322 1010 1379 blanc
1029 1342 1101 1400 ergo

120 1428 186 1467 esse
204 1408 344 1467 viventem
363 1406 547 1467 substantiam
568 1408 675 1477 ierunt,
696 1421 769 1484 quae
787 1409 817 1463 ia
835 1407 1030 1485 superioribus
1049 1427 1114 1484 po-·

120 1493 450 1565 sita,tioal01istelut
474 1492 588 1551 cerebri
617 1492 723 1551 ambitu
750 1490 785 1549 ad
813 1512 845 1549 se
863 1492 981 1549 trahens
1000 1503 1103 1550 cuncta

121 1588 150 1637 et
169 1576 330 1637 cuiusdam
332 1579 547 1657 temperamenti
566 1576 765 1637 moderatione
784 1596 969 1656 componens,
999 1576 1040 1634 de
1054 1596 1103 1634 ca-

119 1665 180 1742 pite
200 1660 305 1721 dicitnr
323 1664 457 1741 genuisse
485 1664 663 1742 sapientiam,
683 1683 774 1741 qnam
801 1660 957 1722 Minervam
984 1673 1099 1733 vocant,

120 1768 193 1827 quae
208 1748 353 1807 aGraecis
369 1742 480 1849 Ἀθὴιιι
492 1747 868 1828 propterimmortalitatem
879 1748 1022 1806 nominata
1040 1758 1100 1820 est3

120 1854 193 1913 quae
212 1834 278 1914 quia
294 1844 377 1913 pater
395 1834 517 1893 omnium
537 1854 589 1913 pen
607 1834 774 1913 sapientiam
797 1853 875 1891 snam
903 1843 1006 1892 cuncta
1033 1852 1103 1891 con-

121 1918 203 1991 didit,
234 1930 264 1979 et
290 1939 326 1977 ex
353 1920 415 1998 ipso
443 1920 537 1998 capite
566 1920 627 1977 cius
647 1929 677 1977 et
695 1918 844 1997 principali
864 1920 986 1978 omnium
1004 1908 1103 1997 'genita

121 2003 226 2063 dicitur
244 2005 320 2075 loco,
342 2015 372 2065 et
390 2016 546 2084 temperata
565 2004 740 2063 admixtione
760 2006 965 2064 elementorum
988 2004 1103 2063 unirer-

120 2110 181 2147 sum
196 2086 338 2150 'formasse
357 2090 488 2150 mundum
507 2101 537 2149 et
559 2088 717 2149 adornasse
727 2084 907 2169 perhibetur.
936 2090 1103 2169 lgitnrspe-

121 2175 183 2254 cies*
201 2195 272 2254 qnae
291 2177 428 2235 materiae
447 2174 554 2234 inditae
573 2186 648 2246 sunt,
669 2186 700 2234 nt
718 2176 802 2234 lieret
820 2173 954 2245 mundus,
984 2174 1049 2252 quia
1076 2176 1103 2234 vi

122 2261 225 2320 caloris
254 2261 532 2359 constringuntur,
550 2259 625 2318 lovis
653 2259 759 2318 viribus
787 2261 930 2317 contineri
958 2258 1100 2318 dicuntur.

121 2346 201 2419 Quae
221 2346 352 2424 quoniam
371 2345 550 2403 sufficienter
568 2363 599 2402 se
618 2344 734 2412 babent,
756 2364 809 2403 nec
829 2337 905 2402 ultra
919 2340 1104 2404 addisibiin·

121 2429 221 2507 digent
239 2428 344 2520 aliquid
363 2430 439 2498 novi,
461 2427 511 2487 sed
531 2427 747 2506 unumquodque
767 2429 882 2487 seminis
909 2429 952 2487 sui
979 2430 1103 2506 posteri-

120 2527 179 2574 tate
198 2525 359 2594 reparatur,
381 2515 493 2572 vinctae
514 2532 577 2572 esse
597 2511 819 2572 aloveSaturni
837 2533 934 2573 manus
953 2512 1100 2572 dicuntur:

121 2602 187 2679 quia
204 2601 274 2658 nibil
292 2601 368 2658 noti
377 2601 431 2658 ianr
449 2609 480 2658 ut
501 2599 577 2669 dixi,
607 2618 645 2657 ex
671 2599 792 2657 materia
820 2599 928 2677 tempus
955 2598 1100 2678 producit,

120 2683 173 2744 sed
200 2684 281 2744 calor
303 2687 438 2746 seminum
458 2683 612 2744 seeundum
631 2685 675 2742 sni
703 2685 829 2762 speciem
853 2696 957 2742 cuncta
978 2686 1104 2744 restituit

121 2789 176 2829 nee
194 2772 269 2829 ultra
288 2770 386 2830 Rbeae
405 2781 514 2849 partus,
536 2770 590 2828 bue
609 2781 654 2829 est
673 2790 803 2848 propago
822 2772 961 2847 materiae
988 2771 1105 2832 liuentis

121 2855 283 2927 adscendit,
313 2867 343 2915 et
369 2855 472 2915 iden
464 2875 552 2933 ipsam
571 2857 690 2934 primam
709 2857 915 2916 elementorum
934 2855 1103 2915 divisionem

121 2941 325 3000 abscissionem
345 2941 460 3002 Saturni
479 2942 634 3013 nominent,
655 2942 734 3020 qnasi
754 2944 800 3020 qui
819 2943 894 3002 ultra
910 2940 1041 3003 mundum
1051 2961 1104 3021 ge-

51 3064 58 3076 ·
122 3045 225 3086 necare
243 3047 299 3085 uon
318 3028 418 3105 possit.

163 3161 219 3222 ab
266 3161 340 3222 Nam
360 3161 521 3224 deVenere
533 3163 586 3224 boc
606 3163 689 3222 modo
709 3163 874 3240 allegoriam
890 3159 1020 3222 tradunt
1041 3163 1100 3235 ubi,
1135 3182 1137 3184 ·

122 3247 210 3318 aiunt,
232 3247 343 3306 aetheri
362 3249 520 3308 subiectum
539 3259 583 3308 est
601 3249 731 3327 pelagus,
753 3249 1103 3332 cumrepereussnsaquis

123 3331 258 3410 splendor
276 3335 351 3392 coeli
369 3335 666 3412 gratiorrelulsisset,
682 3345 820 3395 venustas
843 3353 938 3393 rerum
967 3352 1038 3413 qnae
1066 3353 1104 3392 ex

122 3419 201 3496 aquis
219 3418 348 3496 pulcrior
365 3430 549 3498 apparuerat,
570 3419 668 3478 Venus
679 3419 822 3478 nominata
831 3429 887 3489 est
909 3437 980 3498 qnae
991 3419 1103 3479 aetberi

122 3510 254 3601 tanpuam
274 3504 355 3563 iratri
375 3526 426 3564 suo
445 3505 567 3574 sociata,
588 3503 663 3583 quod
682 3504 905 3585 concupiscibile
925 3503 1013 3563 decus
1033 3505 1103 3562 effe-

124 3587 207 3660 cerit,
230 3588 395 3667 Cupidinem
415 3591 549 3667 genuisse
568 3601 797 3651 memorataest.
845 3589 907 3649 Hoc
927 3609 998 3666 ergo
1017 3587 1102 3646 modo

122 3692 175 3750 per
193 3673 360 3750 allegoriam
380 3673 502 3733 Cronnm
523 3672 635 3754 quidem
663 3677 709 3752 qui
737 3686 781 3733 est
808 3675 962 3744 Saturnus,
992 3684 1103 3752 tempus

123 3777 188 3816 esse
207 3768 238 3815 ut
255 3757 374 3818 diximus
402 3758 526 3830 tradunt,
556 3757 663 3818 Rbeam
690 3760 848 3830 materiam,
865 3755 982 3829 'Aiden,
1011 3756 1104 3817 idest

124 3841 239 3913 Oreum,
261 3843 364 3902 inlerni
383 3843 564 3923 profundum,
584 3843 746 3923 Neptunum
765 3862 875 3923 aquam,
896 3839 1103 3904 lovemaetbe-

122 3923 245 4006 rem‚.id
263 3939 307 3988 est
326 3929 430 3988 caloris
449 3930 631 4003 elementum,
651 3929 797 3991 Venerem
807 3938 983 3989 venustatem
993 3948 1107 4003 rerum,
