2634 4400
592 257 656 316 tat
720 300 723 309 .

129 459 232 520 Petrus
251 458 349 537 caepit
366 457 481 518 diceas:
504 457 588 520 Scire
606 470 636 522 te
653 462 732 535 vola,
753 465 870 537 mulier,
891 467 1042 545 religionis
1060 489 1112 528 no·
1161 468 1165 477 '

128 554 207 604 strae
226 541 446 602 observantiam.
493 543 554 604 Nos
573 565 657 605 unum
673 545 884 610 colimasdeum
895 554 942 631 qui
953 552 1112 613 lecitmnn-

65 625 67 630 ’
129 627 209 700 dum,
231 628 313 687 buius
332 638 362 688 et
377 628 473 708 legem
492 649 648 704 servamus,
670 653 726 711 qua
744 633 857 694 mandat
876 637 1003 715 inprimis
1022 639 1111 716 ipsum
1143 635 1149 751 p

128 711 280 774 colendum
300 725 329 772 et
348 731 451 774 namen
470 715 532 774 eius
541 717 746 790 venerandum,
767 731 904 798 parentes
914 721 1111 796 honorandos,

126 797 293 878 pudicitiam
312 797 502 878 iustitiamque
520 800 700 862 servandam.
748 802 809 863 Sed
836 817 866 865 et
888 805 957 866 illud
976 806 1112 867 observa·
1139 754 1148 873 l

126 904 201 955 mus,
221 903 345 943 mensam
366 902 427 942 eum
447 885 601 963 gentilibus
620 907 676 949 nan
703 888 812 948 babere
833 910 1029 963 ,camuranam
1059 894 1112 952 nisi
1140 884 1146 933 ¹¹

127 989 192 1028 cum
211 967 388 1028 crediderint
416 979 446 1028 et
472 982 592 1050 recepta
617 973 742 1032 veritate
764 974 902 1054 baptizati
928 977 1047 1048 luerint,
1077 997 1112 1036 ac
1139 978 1144 1047 i

126 1056 203 1112 trina
221 1053 340 1131 quadam
360 1052 436 1112 beati
472 1057 592 1116 nominis
611 1058 793 1118 invocatione
804 1063 980 1131 consecrati,
1000 1073 1030 1120 et
1044 1072 1112 1120 tuae
1139 1056 1143 1127 Ξ

126 1158 190 1201 eum
211 1139 253 1202 eis
272 1137 363 1198 cibum
383 1139 527 1200 sumimus.
572 1135 710 1222 Alioquin
728 1145 815 1204 etiam
834 1147 858 1204 si
877 1157 961 1224 pater
983 1159 1032 1206 aut
1053 1166 1112 1206 ma·
1138 1146 1142 1192 ¹·

125 1234 173 1282 ter
191 1224 259 1294 siut,
279 1234 328 1284 aut
347 1243 419 1282 uxor
437 1235 485 1284 aut
504 1225 555 1285 lilii
573 1238 622 1286 aut
645 1229 767 1302 iratres,
788 1251 845 1290 non
872 1251 1020 1310 possumus
1048 1227 1112 1304 eum
1134 1230 1140 1252 ¹

125 1309 170 1370 eis
188 1327 313 1368 mensam
332 1307 439 1370 babere
459 1330 646 1372 communem.
678 1314 749 1386 Quia
768 1335 840 1393 ergo
851 1317 1000 1391 religionis
1011 1336 1112 1376 caussa

125 1394 283 1472 praecipua
302 1393 357 1453 hoe
376 1395 507 1468 facimus,
528 1417 585 1455 nan
604 1396 654 1456 trbr
674 1400 840 1460 iniuriosum
859 1399 1005 1471 videatur,
1035 1400 1110 1478 quod

125 1499 184 1538 non
212 1489 309 1558 potest
335 1479 408 1538 lilius
428 1491 489 1540 tuus
508 1500 563 1540 una
582 1492 679 1540 tecum
695 1504 809 1543 sumere
829 1484 939 1555 eibum,
964 1505 1111 1564 usquequa

124 1563 228 1624 eadem
247 1565 298 1624 tibi
317 1565 354 1622 sit
372 1584 444 1643 quae
465 1566 503 1624 illi
522 1568 667 1626 sententia
685 1567 764 1627 iidei.

168 1648 226 1708 50.
274 1649 380 1722 Quibus
399 1649 447 1708 illa
465 1647 581 1724 auditis,
603 1651 730 1732 etquid,
750 1654 852 1733 inquit,
873 1664 952 1714 vetat
969 1651 1110 1728 hodierne

123 1732 284 1813 baptizari?
304 1753 376 1813 quae
395 1737 480 1812 etiam
503 1737 668 1816 priusquam
687 1749 716 1796 te
734 1737 874 1812 viderem,
893 1739 959 1811 illos
979 1759 1050 1817 quos
1069 1737 1112 1797 di·

125 1830 194 1878 eunt
212 1816 283 1877 deos
302 1821 415 1897 penitus
433 1831 564 1878 aversata
582 1841 659 1893 sam,
689 1822 763 1900 quod
792 1824 858 1882 mibi
887 1825 1055 1902 lreq'uenter
1082 1835 1112 1882 et

123 1901 364 1986 paenelquotidie
387 1905 562 1964 sacrificanti
589 1905 641 1964 sibi
670 1919 819 1986 praestaro
846 1919 1001 1988 potuerunt
1027 1908 1108 1968 nibil.

123 1988 196 2048 Nam
217 1987 253 2048 de
272 1987 409 2067 pudicitia
428 1988 495 2067 quid
514 1988 625 2069 dicam?
644 2010 708 2050 enm
728 2013 772 2053 me
791 2013 885 2072 neque
905 2005 972 2052 tune
987 1991 1110 2052 deliciae

123 2073 307 2152 deceperint,
329 2093 422 2154 neque
441 2095 514 2134 nune
534 2087 649 2153 egestas
673 2097 798 2155 peceare
826 2079 1009 2156 compulerit.
1057 2078 1111 2136 Sn-

123 2161 160 2220 tis
179 2170 273 2219 autem
292 2170 361 2238 puto
380 2161 536 2221 innotuisse
555 2161 618 2233 tibi,
649 2174 769 2240 quantus
796 2164 862 2223 mibi
891 2161 996 2222 exinde
1024 2163 1112 2221 luerit

122 2266 205 2305 amor
223 2244 391 2324 pudicitiae,
422 2265 495 2323 quae
521 2256 552 2305 ut
579 2244 732 2305 evaderem
757 2249 849 2307 illiciti
867 2249 974 2305 amoris
992 2246 1111 2307 insidias

123 2332 262 2392 somnium
282 2331 361 2402 finxi,
382 2339 413 2389 ut
428 2349 492 2387 eam
513 2326 621 2389 duobus
644 2332 716 2389 meis
742 2326 878 2409 geminis
891 2332 1109 2409 peregrinarer,

123 2427 154 2477 et
173 2417 246 2478 hune
265 2416 355 2475 solum
375 2415 460 2475 lilium
489 2434 579 2473 meum
608 2414 785 2473 Clementem
812 2413 848 2473 ad
875 2415 1007 2474 solatium
1036 2416 1111 2493 patri

123 2502 238 2580 reliqui.
284 2499 316 2558 Si
336 2500 410 2559 enim
430 2498 496 2557 mibi
516 2497 571 2557 duo
590 2500 637 2557 vin
655 2499 858 2571 sufficiebant,
888 2510 994 2577 quanto
1019 2500 1110 2575 magis

123 2586 326 2645 contristasset
344 2596 466 2663 patrem,
487 2585 510 2643 si
530 2584 634 2643 nullum
645 2584 934 2663 penituslrabuissett
954 2582 1025 2642 Erat
1035 2585 1109 2643 enim

122 2673 210 2731 miser
237 2668 338 2749 grandi
362 2670 467 2729 allecta
487 2688 558 2745 erga
577 2669 664 2740 lilios,
684 2670 723 2729 ita
741 2681 772 2727 ut
791 2671 837 2729 vix
856 2670 882 2729 ei
895 2669 1109 2727 somniiaueto·

122 2757 193 2816 ritas
212 2766 417 2834 extorqueret,
438 2754 600 2814 Faustinum
625 2764 655 2812 et
683 2754 817 2819 Faustum
835 2754 998 2820 ‚Clementis
1026 2753 1109 2813 buius

122 2842 229 2903 iratres
247 2840 315 2901 mibi
334 2839 511 2915 concedere,
541 2850 570 2899 et
598 2840 659 2918 ipse
686 2840 750 2901 eolo
775 2850 927 2900 contentus
946 2848 1023 2899 esset
1041 2838 1109 2897 Cle-

121 2936 230 2985 mente.

165 3009 219 3067 et.
267 3008 345 3069 llaec
365 3011 413 3069 illa
431 3028 494 3067 eum
506 3007 629 3079 diceret,
646 3010 786 3067 ultranea
798 3010 1043 3069 ferenteslratres
1054 3010 1108 3067 mei

121 3099 235 3154 irruunt
245 3094 272 3151 in
284 3096 451 3172 complexus
461 3093 559 3165 matris
570 3112 632 3151 cum
643 3094 737 3152 multis
746 3093 883 3163 lacrimis,
904 3103 934 3151 et
943 3092 1111 3164 osculantur

122 3199 199 3241 eam.
245 3176 286 3237 At
303 3178 369 3251 illa,
397 3176 463 3257 quid
481 3177 551 3251 vult,
581 3177 688 3257 inquit,
717 3178 772 3236 hoc
792 3181 875 3237 ossei
902 3176 971 3237 Tum
990 3176 1108 3235 Petrus:

122 3264 200 3325 Nolo
219 3262 343 3324 turberis
361 3264 477 3334 mulier,
499 3272 633 3327 constans
652 3273 733 3337 esto;
762 3263 810 3323 isti
828 3272 894 3321 sunt
912 3262 1062 3325 Faustinus
1081 3273 1111 3321 et

123 3348 243 3411 Faustus
263 3348 311 3407 lilii
331 3351 371 3409 tui
390 3369 461 3428 quas
480 3349 508 3407 in
526 3346 669 3427 profundo
689 3346 944 3427 perissedieebas3
966 3344 1110 3426 quomado

123 3445 217 3495 autem
237 3435 331 3493 vivant
349 3446 379 3495 et
397 3431 539 3515 quamodo
559 3434 587 3493 in
606 3432 654 3493 illa
673 3432 802 3491 horribili
822 3443 908 3491 nocte
919 3431 955 3491 de
966 3428 1110 3511 profundo

123 3519 279 3591 evaserint,
300 3531 331 3579 et
348 3518 582 3599 quemadmodum
602 3520 674 3577 alius
692 3519 818 3597 ipsorum
846 3516 952 3577 Niceta
980 3528 1010 3577 et
1037 3518 1110 3576 alius

122 3602 227 3683 Aquila
246 3602 369 3678 dicatur,
390 3605 444 3683 ipsi
463 3602 515 3663 tibi
533 3622 681 3682 exponere
707 3613 846 3681 poterunt
872 3613 903 3661 et
929 3622 986 3661 aaa
1014 3611 1108 3662 tecum

124 3689 209 3767 etiam
228 3710 280 3749 nos
298 3689 456 3753 audiemus.
504 3688 558 3747 Ubi
577 3688 648 3749 bace
668 3688 770 3747 Petrus
788 3687 873 3759 dixit,
902 3696 995 3745 mater
1021 3686 1109 3759 nimio

123 3772 228 3852 gaudio
248 3776 410 3855 intercepta
428 3774 547 3847 corruit,
568 3783 599 3833 et
616 3771 730 3834 tandem
748 3769 901 3855 aliquando
916 3780 1052 3849 reparata
1065 3781 1109 3828 at-

123 3877 179 3937 que
198 3860 225 3919 in
244 3860 425 3941 semetipsam
452 3878 603 3939 regressa,
633 3858 688 3919 ait:
718 3856 847 3917 Obsecro
873 3876 925 3915 vos
953 3853 1107 3915 dulcissimi
1205 3926 1213 3938 δ
