2634 4400
377 961 856 1074 RUFlNl

303 1201 628 1256 AQUILEIENSIS
664 1205 946 1254 PRESBYTER!

92 1355 99 1364 ’
133 1363 188 1428 ΙΝ
216 1365 250 1429 S.
282 1365 604 1433 CLEMENTIS
624 1368 1117 1534 lills]COilNl'l'lOlblUM

358 1487 369 1500 “
525 1469 614 1532 LIB
703 1471 726 1534 S

215 1656 425 1720 PRAEFATIO
448 1655 501 1720 ΑΙ)
530 1657 783 1721 GAUDENTIUM
805 1660 1031 1724 EPISCOPUM.

542 1837 713 1851 ——ob—

185 1951 255 2027 Tibi
264 1981 364 2039 quidem
375 1981 510 2046 Gaudenti,
520 1987 667 2034 nostrorum
676 1983 754 2034 decus
763 1985 865 2048 insigne
873 1987 1016 2045 doctorum,
1026 1992 1116 2035 tantus

131 2067 320 2133 ingenii-vigor,
330 2071 381 2119 imo
390 2075 463 2119 tanta
473 2072 579 2130 spiritus
588 2071 673 2132 pretia
682 2078 735 2134 est,
750 2077 780 2122 nt
794 2075 816 2120 si
831 2074 891 2129 qaid
901 2085 916 2117 e
926 2075 952 2118 te
961 2073 1037 2119 etiam
1049 2087 1114 2131 quo-

130 2153 222 2201 tidiani
230 2155 327 2214 eloquii
337 2169 407 2204 more
417 2157 520 2219 dicitur,
531 2158 553 2205 si
563 2159 624 2217 quid
632 2157 658 2205 in
671 2155 961 2214 eeclesiedeelemstur,
972 2156 997 2203 id
1005 2158 1032 2203 in
1042 2157 1114 2205 libris

131 2240 220 2286 baberi
229 2240 257 2287 et
265 2242 297 2287 ad
306 2242 501 2289 instructionem
512 2242 579 2290 trudi
588 2243 699 2303 posteris
709 2242 806 2286 debeat.
841 2242 895 2286 Nos
904 2244 1000 2302 tamen,
1015 2256 1079 2301 quos
1088 2245 1115 2289 et

131 2322 227 2383 ingenii
236 2326 348 2372 tenuitas
358 2328 443 2373 minus
458 2325 597 2386 promptos,
614 2326 640 2367 et
649 2326 755 2369 senecta
764 2325 815 2371 iam
825 2325 912 2370 tardos
922 2325 1005 2372 'reddit
1014 2340 1045 2373 ae
1055 2340 1114 2385 seg·

130 2421 186 2468 nes,
206 2422 271 2467 opus
286 2410 353 2467 quod
367 2410 427 2454 olim
442 2407 603 2453 venerandae
620 2406 760 2453 memoriae
772 2407 845 2467 virgo
860 2408 940 2455 Silvia
954 2409 1114 2469 iniunxerat,

129 2494 160 2539 nt
168 2494 324 2539 Clementem
332 2494 438 2539 nostree
446 2492 550 2550 linguae
559 2490 731 2551 redderemus,
740 2495 768 2538 et
777 2495 805 2538 tu
815 2491 935 2552 deinceps
946 2494 1002 2541 iure
1012 2496 1113 2541 beredia'

129 2578 196 2623 tario
206 2578 338 2636 poscebas,
347 2558 411 2621 lieet
419 2576 513 2623 multas
524 2576 583 2635 post
590 2588 685 2636 mores,
694 2579 781 2623 temen
791 2577 929 2635 aliquando
942 2580 1113 2639 restituimus,

129 2662 300 2721 praedamque
314 2664 344 2707 ut
356 2660 450 2719 opinor
463 2674 514 2709 non
524 2674 638 2721 parvam,
649 2661 806 2709 Graecorum
817 2662 978 2710 bibliothecis
987 2669 1112 2724 ereptam,

30 2806 33 2813 Ι
128 2748 274 2795 nostrorum
284 2745 373 2793 usibus
383 2748 410 2792 et
419 2746 575 2793 utilitatibus
590 2749 786 2807 convertemus,
803 2749 832 2793 ut
849 2761 913 2806 quos
931 2749 1042 2807 propriis
1059 2763 1113 2796 non

128 2842 273 2891 possumus,
283 2830 426 2890 peregrinis
435 2818 580 2879 nutriamus
594 2832 733 2878 alimoniis.
769 2834 836 2879 Num
850 2835 877 2879 et
891 2834 976 2881 solent
989 2834 1112 2881 susviors

129 2914 208 2961 videri
219 2916 363 2976 peregrine,
374 2916 501 2963 interdum
512 2931 572 2965 vero
582 2921 609 2963 et
619 2917 733 2964 utiliora.
768 2917 886 2975 Denique
899 2918 1061 2977 peregrinum
1072 2922 1113 2965 est

128 3012 194 3059 pene
204 3012 288 3059 omne,
303 3000 369 3057 quod
386 3001 511 3047 medelam
526 3002 678 3061 corporibus
688 3003 798 3063 confert,
808 3002 876 3060 quod
884 3002 979 3049 morbis
988 3003 1112 3062 occurrit,

128 3083 197 3142 quod
206 3096 304 3129 venene
312 3082 425 3141 depellit.
434 3086 528 3131 ludeea
537 3086 644 3133 balsami
652 3086 794 3145 lacrimem,
800 3088 981 3133 Cretaeomum
989 3086 1113 3133 dictamni

127 3166 216 3225 mittit,
226 3166 319 3213 Arabia
329 3170 472 3213 oromatum
482 3170 558 3215 tiores
569 3172 595 3215 et
606 3170 735 3228 spirarum
745 3170 819 3215 nardi
827 3169 899 3215 lndiu
907 3172 1019 3228 segetem
1029 3168 1112 3227 metit,

128 3264 195 3311 quae
204 3250 271 3311 apud
281 3261 337 3311 noe,
347 3250 448 3299 etiamsi
458 3252 622 3309 aliquantulo
632 3266 710 3311 quam
724 3253 844 3312 proprius
859 3266 921 3312 eger
933 3249 1029 3312 attulit,
1041 3253 1112 3299 irac-

128 3336 198 3383 tiors
206 3335 365 3396 perveniunt,
376 3337 462 3383 odoris
471 3340 557 3383 tamen
567 3337 677 3397 gratiu‘m
686 3338 787 3396 vimque
794 3338 912 3384 medendi
920 3336 1045 3397 integram
1056 3351 1112 3385 ser-

129 3423 198 3467 rant.
215 3420 329 3479 *suscipe
338 3420 425 3481 igitur,
436 3422 521 3469 anime
530 3422 574 3482 mi,
584 3422 735 3469 redeuntem
744 3422 776 3469 ad
784 3427 811 3469 te
819 3422 975 3468 Clementem
985 3426 1111 3482 nostrum,

121 3487 231 3563 ¹suscipe
246 3504 295 3551 iem
310 3507 459 3553 Romanum.
494 3509 549 3553 Neo
562 3507 674 3567 mireris,
690 3508 712 3553 si
726 3508 795 3554 forte
806 3507 853 3555 tibi
862 3506 1022 3554 ineominus
1032 3507 1111 3553 solito

129 3588 234 3636 tloridus
248 3590 412 3648 eloquentiae
426 3591 513 3637 vultus
527 3594 658 3651 appareat.
692 3591 764 3637 Nihil
777 3590 894 3651 interest,
906 3591 1041 3637 dummodo
1051 3604 1111 3636 sen-

130 3686 174 3719 sus
188 3673 255 3720 idem
269 3674 361 3735 sapiat.
396 3676 547 3735 Peregrinus
566 3689 626 3737 ergo
641 3688 741 3722 meroes
752 3676 837 3725 multo
848 3677 876 3721 in
890 3675 1000 3733 patrium
1018 3674 1112 3721 sudore

129 3758 326 3817 transvehimus.
354 3760 404 3829 ‘Et
420 3760 510 3807 neseio
528 3774 603 3818 quam
622 3763 712 3819 gratum
728 3773 771 3805 me
787 3760 882 3806 uirium
900 3759 987 3805 vultus
1005 3757 1110 3817 eeripit,

130 3854 223 3902 magna
232 3842 281 3892 sibi
290 3844 413 3893 Graecise
423 3840 506 3905 spolia
515 3844 681 3905 deferentem,
691 3847 718 3891 et
726 3844 844 3891 occultos
852 3842 996 3901 supientiae
1004 3842 1111 3889 thesau-

878 3929 895 3985 1
