2634 4400
632 355 637 362 ⁴
660 272 730 331 aar

207 481 330 540 sobrium
350 497 382 538 se
402 489 495 536 tameo
514 487 544 536 et
555 479 624 554 ipse
643 486 725 554 putet
742 485 773 533 et
791 472 850 531 diei
867 493 885 531 a
903 474 1030 533 caeteris
1046 473 1129 532 velit.
1151 471 1197 532 Ita

204 577 272 626 suut
290 583 361 642 ergo
381 575 410 621 et
438 564 466 620 bi
489 563 536 640 qui
555 563 724 638 ignorantes
749 558 826 637 quod
853 568 951 618 rerum
978 570 1034 629 est,
1064 562 1196 637 speeiem

203 663 301 708 maren
320 649 439 707 alieuius
458 647 596 705 scientiae
616 656 727 714 tenent,
748 656 779 702 et
795 645 868 702 main
886 646 966 720 quasi
984 643 1060 702 bona
1074 655 1193 721 gerunt,
1233 715 1238 719 ,

207 747 292 813 atque
310 732 346 791 ad
366 733 522 810 perniciem
542 731 620 810 quasi
638 729 812 788 adsalutem
832 730 980 787 festinant.

204 856 209 863 -
249 817 283 876 ὕ.
316 818 454 900 ‘Propter
471 815 546 894 quod
565 815 744 896 antepmnia
762 812 974 891 properandum
993 823 1038 872 est
1052 807 1091 871 bd
1110 815 1196 890 agni-

205 903 473 971 tionem'reritatis,
495 911 526 958 ιιι
543 901 684 978 possimus
701 899 780 976 quasi
800 898 905 956 iumine
923 898 1005 956 nobis
1033 897 1100 956 inde
1128 918 1196 956 sue·

208 1008 308 1057 eenso,
330 1005 458 1046 errorum
477 985 612 1045 tenebras
631 983 796 1060 depellere,
818 981 927 1058 grande
937 984 1012 1041 enim
1022 983 1125 1040 maium
1136 994 1194 1054 est,

205 1084 239 1130 ut
258 1071 388 1139 diximus,
411 1070 587 1146 ignorantia3
608 1067 658 1126 sed
679 1069 744 1146 quia
762 1067 946 1125 substantiam
964 1067 1130 1137 nonhabet,
1150 1069 1197 1124 fa·

209 1159 271 1230 cite
293 1156 328 1213 ab
357 1154 399 1211 bis
426 1155 472 1232 qui
500 1152 619 1211 studiosi
639 1164 714 1222 sunt,
735 1153 905 1229 effugatur,
936 1150 1003 1209 Nou
1023 1151 1197 1210 enim'aiiud

208 1251 254 1299 est
271 1238 383 1318 quidem
402 1239 581 1316 ignorantia,
610 1239 664 1295 uisi
692 1257 748 1295 uon
775 1238 928 1315 agnovisse
953 1235 1031 1314 qnod
1058 1236 1194 1314 expedit,

207 1326 256 1383 ubi
274 1334 367 1382 autem
386 1324 551 1400 agnoveris,
572 1323 648 1400 perit
666 1323 839 1399 ignorantia.
870 1321 977 1394 Quaeri
992 1340 1064 1399 ergo
1074 1341 1197 1398 magno-

133 1409 136 1414 ’
208 1427 281 1488 pere
300 1408 387 1467 debet
404 1409 534 1468 veritatis
552 1408 674 1484 agnitio,
695 1426 778 1483 quam
796 1425 880 1464 nemo
899 1407 971 1464 atius
989 1416 1088 1484 potest
1097 1406 1198 1484 adsig-

209 1514 291 1564 nare,
313 1495 366 1551 nisi
385 1512 470 1551 verus
488 1495 639 1571 propbeta.
687 1491 766 1550 Haeo
786 1493 966 1569 enimportn‘
981 1501 1027 1550 est
1047 1493 1125 1550 vitae
1143 1512 1198 1550 ro-

204 1579 332 1637 dentibus
351 1577 480 1656 ingredi,
501 1588 531 1635 et
548 1578 605 1635 iter
631 1595 750 1655 operum
777 1575 917 1634 bonorum
943 1575 1133 1654 pergentibus
1159 1575 1198 1634 ad

211 1664 353 1722 civitatem
373 1663 482 1720 salutis.

100 1749 102 1786 ἱ
140 1754 146 1766 “
205 1785 211 1791 -
251 1745 285 1805 6.
334 1746 366 1805 Si
385 1747 447 1824 quis
466 1765 534 1804 sane
553 1744 672 1806 audiens
690 1765 852 1805 sermonem
870 1746 934 1805 reri
951 1746 1126 1825 prophetae,
1145 1766 1198 1806 ve·

175 1831 180 1838 '
209 1833 244 1889 iit
262 1833 397 1909 recipere
416 1842 465 1889 aut
482 1831 565 1902 nolit,
586 1842 616 1890 et
630 1832 768 1909 ampiecti
785 1850 857 1889 onus
876 1833 949 1902 eius,
969 1830 1000 1888 id
1009 1843 1054 1890 est
1064 1830 1198 1890 mandata

207 1917 297 1984 uitae,
317 1915 449 1973 habetin
469 1935 519 1973 sua
545 1926 704 1993 potestate,
734 1916 817 1975 liberi
845 1917 919 1974 euim
947 1936 1041 1974 sumus
1067 1917 1195 1976 arbitrii.

209 1998 283 2058 Nam
303 2000 325 2055 si
345 1998 402 2056 boe
421 2009 509 2069 esset,
530 2009 561 2056 ut
579 1999 730 2058 audientes
752 2020 816 2058 eum
848 2002 902 2058 iam
930 2021 987 2061 nou
1006 2001 1151 2060 baberent
1167 2003 1197 2059 in

210 2093 353 2162 potestate
372 2082 449 2141 aliud
466 2083 567 2142 faeere
586 2103 668 2162 quam
686 2083 848 2154 audierant,
869 2087 912 2143 ris
922 2097 986 2144 erat
995 2086 1136 2163 quaedam
1147 2107 1199 2145 na·

209 2179 304 2238 turae,
325 2187 378 2246 per
396 2188 478 2247 quam
496 2168 616 2229 liberum
635 2188 693 2228 uon
711 2181 790 2229 esset
807 2169 844 2229 ad
866 2171 950 2229 aliam
975 2173 1103 2249 migrare
1130 2191 1199 2231 sen·

210 2255 339 2312 tentiam.
385 2252 444 2311 Αιιι
462 2256 486 2313 si
504 2274 601 2313 rursus
620 2275 658 2314 ex
676 2255 856 2315 audientibus
874 2257 967 2315 nntius
984 2258 1101 2315 omuino
1121 2259 1199 2315 reei-

210 2340 305 2417 peret,
327 2349 357 2396 et
374 2339 429 2396 boe
448 2350 567 2398 naturae
585 2341 627 2399 ris
647 2351 721 2412 erat,
742 2360 815 2418 quae
833 2362 917 2399 unum
936 2340 1043 2419 aliquid
1062 2341 1127 2401 fieri
1146 2362 1199 2401 eo·
1229 2400 1240 2409 ,

211 2433 308 2500 geret,
329 2433 359 2481 et
376 2424 462 2483 atteri
480 2426 555 2502 parti
573 2444 630 2484 non
650 2425 733 2485 daret
751 2426 857 2486 locum.
903 2425 988 2484 Nune
1014 2437 1111 2485 antem
1131 2429 1198 2507 quia

211 2508 331 2566 liberum
350 2518 395 2566 est
412 2509 518 2581 auimo,
540 2510 567 2567 iu
585 2530 668 2588 quam
688 2510 757 2568 velit
773 2521 885 2589 partem
902 2508 1051 2570 declinare
1061 2510 1197 2570 iudicium

212 2594 301 2662 suun,
323 2602 353 2650 et
371 2596 452 2669 quam
471 2593 638 2670 probaverit
655 2596 767 2672 eligere
784 2596 875 2668 viam,
904 2606 1018 2654 constat
1044 2595 1199 2656 evidenter

212 2677 307 2735 inesse
326 2675 485 2735 bominibus
503 2678 614 2737 arbitrii
633 2680 807 2739 libertatem.

255 2760 287 2819 7.
334 2760 426 2839 Igitur
444 2763 605 2840 priusquam
624 2763 722 2822 audiat
744 2761 807 2843 quis
833 2765 909 2844 quod
929 2766 957 2825 ei
976 2764 1104 2844 expedit,
1130 2786 1197 2825 eer-

137 2896 145 2905 .
212 2856 270 2903 tum
289 2855 333 2903 est
348 2847 416 2923 ‘qnia
434 2847 559 2922 ignorat,
581 2858 611 2907 et
628 2850 765 2925 ignorans
784 2849 842 2908 vult
856 2850 1197 2930 etdesideratquodnon

214 2928 332 3007 expedit
349 2948 450 3006 agere,
471 2932 686 3010 propterquod
704 2954 757 3011 pro
775 2935 831 2993 boe
850 2956 907 2993 nou
925 2934 1078 3017 iudicatur.
1126 2937 1198 2995 Cum

212 3028 287 3079 raro·
302 3012 426 3072 audierit
444 3034 560 3074 caussas
579 3019 688 3077 erroris
706 3020 761 3090 sui,
782 3031 813 3078 et
829 3021 970 3079 rationem
997 3022 1129 3079 veritatis
1146 3042 1198 3080 ae·

110 3148 115 3157 ι
208 3100 342 3177 vceperit,
363 3109 429 3157 tune
448 3102 471 3158 si
491 3105 681 3179 permanserit
698 3105 727 3161 in
745 3104 789 3161 his
808 3105 955 3163 erroribus
973 3106 1074 3183 quibus
1093 3104 1198 3165 dudum

213 3182 308 3265 iuerat
326 3196 613 3261 praeventus,·reete
631 3189 688 3245 iam
704 3189 857 3247 vocabitur
873 3189 909 3248 ad
927 3189 1062 3249 iodieium
1085 3198 1197 3267 poenas

167 3296 179 3317 .
216 3262 346 3337 daturus,
376 3288 428 3328 eur
445 3272 520 3330 vitae
540 3273 601 3329 eins
628 3274 746 3350 spatium
778 3273 855 3351 quod
881 3273 918 3333 ad
944 3275 1020 3334 bene
1046 3274 1198 3340 vivendum

215 3350 340 3425 aceepit,
361 3352 389 3408 in
408 3353 536 3414 ludibriis
555 3358 710 3415 consumsit
727 3377 867 3417 errorum.
915 3361 969 3433 Qui
987 3370 1058 3419 vero
1076 3360 1198 3419 audiens

215 3430 288 3488 baec
308 3431 431 3493 libenter
448 3442 565 3518 accipit,
596 3452 625 3499 et
653 3441 812 3517 gratulatur
838 3445 977 3503 bonorum
1004 3445 1060 3503 sibi
1087 3445 1198 3503 doetri-

207 3532 280 3572 -uam
298 3514 387 3575 fuisse
407 3518 539 3594 delatam,
559 3527 682 3604 requirit
698 3528 834 3586 intentius
861 3540 892 3587 et
909 3528 1024 3588 discere
1041 3550 1100 3588 non
1119 3528 1199 3588 desi·

216 3600 268 3671 nit,
288 3620 434 3680 usquequo
453 3620 621 3683 cognoseat,
642 3613 667 3669 si
685 3623 729 3670 est
746 3631 817 3671 vere
834 3612 1076 3684 atiudsaeeulum,
1096 3616 1126 3672 tn
1140 3612 1198 3693 quo

163 3707 166 3713 ·
215 3684 299 3743 bonis
317 3688 441 3764 praemia
460 3705 633 3769 praeparata
649 3708 728 3767 sunt,
750 3708 861 3756 etcum
879 3711 977 3757 eertus
1004 3698 1041 3758 de
1059 3698 1115 3757 boe
1134 3700 1199 3758 t'ue·

136 3776 142 3785 '
217 3768 266 3839 rit,
287 3773 393 3847 gratias
411 3793 501 3850 agens
520 3773 586 3847 deo,
608 3779 683 3857 quod
701 3781 756 3838 sibi
773 3784 903 3841 veritatis
917 3785 1012 3843 lumen
1023 3782 1196 3855 ostenderit,

218 3848 254 3907 de
274 3864 390 3917 caetero
410 3856 508 3940 dirigit
529 3870 609 3917 aetus
636 3880 703 3920 suos
729 3867 759 3922 in
781 3867 912 3929 omnibns
937 3868 1074 3947 operibus
1099 3868 1197 3939 bonis,
