2634 4400
201 457 245 491 ros
254 443 359 488 nostrae
368 441 473 500 linguae
483 437 555 485 clave
563 435 730 483 reserantem.
765 432 816 480 Sed
824 431 892 479 votis
901 431 954 478 tuis
964 431 1051 478 faveat
1060 432 1136 494 deus,
1154 436 1184 480 ut

202 528 288 574 nullus
297 526 370 573 nobis
380 524 484 572 sinister
491 523 591 582 oculus,
606 533 654 567 nec
669 519 821 577 cuiusquam
833 517 926 564 lividus
940 520 1062 564 occurrat
1074 518 1184 577 adspec-

201 615 252 674 tus,
263 625 295 657 ne
306 613 422 658 extremo
433 608 543 668 prodigii
551 619 654 667 genere,
665 619 723 651 cum
732 603 797 649 nihil
806 602 937 650 invideant
946 602 985 649 illi
994 603 1085 661 quibus
1095 605 1184 650 auter-

201 701 254 756 tur,
264 695 391 741 livescant
400 695 486 740 tamen
496 691 541 739 isti
550 691 641 755 quibus
652 690 793 736 confertur.
826 690 943 746 Aequum
956 691 1076 748 estuans,
1086 688 1134 734 tibi
1141 690 1186 747 qui

201 781 265 828 haec
276 780 353 826 etiam
363 779 460 824 Graece
468 777 572 836 legeris,
583 775 628 836 (ne
638 777 706 822 torte
715 774 742 819 in
751 773 879 832 aliquibus
889 773 974 819 minus
988 787 1003 819 a
1012 773 1086 820 nobis
1096 786 1185 821 sersa-

201 869 255 912 tum
265 862 442 910 translationis
452 862 565 909 ordinem
572 860 658 919 putes)
669 858 888 916 interpretationis
893 861 998 905 nostrae
1003 857 1117 905 indicare
1122 871 1185 907 con·
1221 867 1224 873 ·
1309 862 1311 885 ¹

202 950 295 995 silium.
305 949 370 994 Puto
375 947 499 1004 quodnon
508 948 534 990 te
542 945 631 1003 lateat,
637 943 776 990 Clementis
783 943 859 993 liuius
869 942 1116 993 intlsaecoeiusdem
1123 957 1185 1003 ope-

202 1035 238 1081 ris
249 1025 426 1093 ἀναγνώσεων,
444 1030 493 1076 hot
503 1031 543 1075 est
551 1028 773 1096 Recognitionum,
784 1027 848 1074 duas
858 1027 983 1075 editiones
992 1027 1090 1088 haberi,
1100 1031 1125 1075 et
1134 1029 1184 1074 duo

203 1132 313 1177 corpora
324 1130 380 1162 csse
389 1116 522 1173 librorum,
537 1114 563 1160 in
573 1113 713 1174 aliquantis
723 1113 823 1170 quidem
833 1113 941 1170 diversa,
956 1112 984 1158 in
997 1113 1085 1158 multis
1099 1116 1185 1159 tamen

204 1202 319 1249 eiusdem
337 1191 501 1248 narrationis.
535 1198 653 1256 Denique
670 1211 730 1256 pars
746 1197 840 1243 ultima
856 1197 933 1244 huius
951 1197 1046 1258 operis,
1059 1198 1186 1256 inquade

203 1285 433 1334 transformatione
443 1283 553 1330 Simonis
562 1283 684 1348 refertur,
694 1282 721 1327 iu
732 1297 782 1329 uno
792 1296 900 1341 corpore
907 1283 1029 1341 habetur,
1043 1282 1070 1328 in
1079 1284 1131 1330 alio
1141 1297 1186 1342 pe-

202 1368 459 1422 nitusnonlsabctur·
495 1365 561 1416 sunt
570 1370 656 1415 autem
665 1371 692 1414 et
702 1365 825 1424 quaedam
833 1365 861 1416 in
870 1369 981 1426 utroque
989 1381 1097 1427 corpore
1106 1369 1137 1414 de
1145 1367 1187 1415 in-

205 1455 293 1515 genito
305 1454 352 1501 deo
361 1452 499 1513 genitoque
509 1453 627 1513 disserta,
642 1456 669 1498 et
682 1451 713 1498 de
726 1453 785 1499 aliis
793 1452 934 1513 nonnullis,
945 1467 1011 1511 quae
1020 1453 1122 1500 utnihil
1131 1468 1186 1500 om-

203 1539 271 1598 plius
290 1538 381 1598 dicam,
401 1539 570 1586 excesserunt
587 1537 786 1597 intelligentiam
802 1541 927 1584 nostram.
963 1540 1033 1585 Haec
1051 1552 1112 1598 ergo
1130 1553 1186 1599 ego,

204 1627 327 1681 tanquam
337 1637 403 1682 quae
413 1621 649 1681 supraviresmeas
659 1624 756 1682 essent,
774 1622 834 1675 aliis
851 1636 987 1671 reservare
1003 1624 1093 1684 malui,
1112 1638 1187 1682 quam

204 1709 289 1754 minus
300 1708 376 1766 plena
386 1708 512 1766 prolerre.
539 1707 567 1753 ln
577 1706 687 1752 caeteris
697 1709 792 1767 autern,
803 1699 925 1764 quantum
935 1709 1074 1769 potuimus,
1084 1699 1189 1768 operam

205 1792 329 1849 dedimus,
349 1805 401 1838 uon
411 1792 496 1838 solum
508 1805 523 1836 a
533 1790 679 1851 sententiis,
698 1792 742 1837 sed
759 1805 794 1838 ne
812 1806 828 1838 a
844 1793 1006 1862 sermonibus
1015 1793 1116 1851 quidem
1125 1793 1189 1840 sotis

204 1875 443 1933 elocutionibusque
453 1875 593 1922 discedere.
630 1876 704 1929 Quae
714 1890 755 1922 res
766 1878 882 1934 quamvis
892 1878 978 1924 minus
987 1880 1115 1938 ornatum,
1131 1893 1188 1924 ma-

204 1960 245 2022 pis
254 1963 339 2016 tantm
348 1961 421 2007 fidele
429 1960 587 2008 narrationis
597 1961 680 2008 reddit
688 1960 827 2019 eloquium.
861 1963 1006 2022 Epistulam
1015 1971 1091 2023 sane,
1101 1963 1129 2009 in
1137 1977 1188 2021 qua

205 2045 274 2095 idem
283 2044 403 2091 Clemens
413 2045 576 2100 adlocuturo
587 2047 694 2100 fratrem
703 2046 799 2104 domim
811 2047 927 2102 scribens
944 2049 975 2094 dc
994 2047 1065 2094 obitu
1083 2047 1190 2096 nunciat

206 2128 285 2188 Petri,
297 2131 322 2174 et
332 2127 400 2186 quod
409 2139 437 2172 te
446 2125 580 2188 reliquerit
588 2119 958 2190 successoremcathedrscet
971 2132 1104 2183 doctrinae
1117 2145 1189 2192 susc,

207 2215 234 2261 in
245 2227 295 2272 tua
309 2212 388 2259 eiiam
402 2212 433 2259 de
446 2210 517 2257 0m1¹i
530 2211 619 2259 ordine
629 2218 807 2268 aeclesiastico
817 2218 972 2278 continetur,
983 2218 1040 2272 ideo
1049 2230 1120 2265 nunc
1128 2218 1189 2266 huic

208 2299 281 2359 operi
289 2311 342 2345 non
350 2296 480 2357 praemisi,
491 2294 551 2353 quia
560 2298 587 2341 et
597 2298 710 2355 tempore
724 2303 852 2359 posterius
860 2305 909 2362 est,
929 2305 955 2349 et
964 2303 1023 2353 olim
1033 2316 1049 2355 a
1058 2302 1189 2352 meinter-

206 2385 310 2447 pretate
316 2386 346 2437 ¹et
356 2382 433 2439 edita.
459 2381 511 2429 Sed
520 2380 587 2440 qnod
596 2381 624 2427 in
633 2394 665 2429 ca
672 2384 805 2436 nonnullis
814 2386 926 2439 tompus
931 2388 1062 2441 videbitur
1069 2389 1190 2438 insons&

208 2482 299 2528 quens,
309 2468 332 2513 si
341 2467 382 2513 hic
393 2466 556 2529 explanetur,
566 2481 618 2515 non
635 2469 699 2528 puto
717 2468 856 2523 absurdum
869 2470 960 2522 videri.
995 2473 1105 2526 Quidam
1122 2472 1191 2524 snitu

207 2552 351 2611 requirunt,
361 2552 488 2611 quomodo
498 2565 557 2599 cum
565 2552 645 2609 Linus
655 2555 683 2599 ot
691 2552 779 2603 cletus
791 2553 819 2600 in
833 2557 898 2609 urhe
908 2556 1064 2609 Romasnto
1073 2559 1191 2606 Clemens

207 2639 259 2695 tem
271 2635 340 2681 hunc
352 2636 449 2695 tuerint
458 2637 581 2697 episcopi,
593 2637 647 2695 ipse
657 2638 776 2696 clemens
785 2638 818 2683 ad
826 2639 947 2688 lecchum
957 2639 1080 2700 scribens,
1094 2642 1191 2691 sibidi-

209 2720 362 2769 oataPetro
373 2719 481 2771 docendi
490 2721 638 2779 cathedram
647 2722 776 2770 traditam.
809 2722 890 2772 (iuius
907 2723 946 2776 rei
963 2722 1030 2776 hauc
1044 2726 1191 2784 accepimns

208 2817 265 2851 esse
274 2804 413 2865 rationem,
420 2807 489 2865 quod
497 2807 577 2853 Linus
588 2809 614 2863 et
623 2808 711 2857 Gletus
726 2807 831 2864 fuerunt
844 2807 947 2865 quidem
960 2811 1021 2855 autc
1033 2809 1192 2858 Clementem
1289 2835 1291 2840 .

208 2888 325 2949 episcopi
333 2890 360 2935 in
370 2892 432 2937 urbe
441 2891 530 2952 Roma,
541 2892 593 2950 scd¹
604 2889 743 2950 supprstite
751 2891 839 2950 Petra,
856 2892 977 2947 videlicet
993 2895 1023 2942 ut
1040 2892 1081 2939 illi
1089 2895 1192 2953 episco-

208 2976 285 3035 patus
295 2988 381 3021 curam
392 2978 520 3035 gererent,
535 2976 596 3036 ¹ipsc
605 2989 666 3035 vcro
676 2976 837 3034 apostolatus
854 2975 974 3035 imploret
983 2977 1106 3039 cilicium,
1125 2979 1193 3029 sicut

207 3057 339 3105 invenitur
348 3060 427 3107 etiarn
435 3062 503 3120 apud
512 3062 666 3109 Caesaream
675 3060 778 3121 iecisse,
791 3060 837 3109 ubi
845 3075 903 3112 cum
913 3062 969 3121 ipsc
981 3066 1052 3117 esset
1061 3077 1192 3125 praesens,

209 3142 372 3191 zacchaeum
380 3146 467 3191 tamen
476 3158 492 3194 a
502 3158 529 3191 se
539 3144 686 3205 ordinatum
694 3145 804 3196 habebat
812 3147 971 3209 episcopum.
1005 3149 1041 3195 Et
1049 3135 1102 3197 lsoc
1116 3150 1192 3196 modo

208 3230 345 3285 utrumque
363 3243 453 3289 verum
470 3229 605 3291 videbitur,
625 3232 698 3279 utet
715 3230 1009 3289 illiantesslementem
1025 3235 1193 3279 numerentur

211 3311 336 3371 episcopi,
354 3316 380 3359 et
390 3314 507 3375 Clemens
525 3317 611 3379 tamen
621 3317 681 3373 post
694 3314 792 3369 obitum
801 3314 872 3361 Petri
881 3316 989 3370 docendi
997 3317 1141 3373 susceperit
1149 3331 1192 3366 scs

210 3395 274 3442 dem.
309 3396 569 3459 Sediamyitleamus,
588 3397 703 3457 portuens
719 3398 813 3454 lacolm
831 3398 907 3455 tratri
923 3398 1031 3461 domiui,
1048 3400 1135 3460 operis
1152 3403 1194 3451 scl

211 3479 327 3542 Clemens
337 3480 392 3541 ipse
400 3478 469 3541 quod
479 3484 564 3531 sumat
571 3480 729 3553 narrationis
736 3481 847 3539 initium
