2634 4400
560 185 643 351 ,m
680 244 684 247 t

115 478 204 537 larum
223 477 399 536 inconsonae
427 473 637 535 coniunctionis
664 477 759 535 statim
787 475 918 554 proditur
943 499 1029 550 noxa,
1058 482 1100 540 ita

116 558 238 623 deberet
256 572 287 619 et
304 558 472 619 adulterium
492 561 586 619 statim
606 560 719 619 ostendi
738 582 820 639 quam
839 563 940 621 malum
959 575 1015 623 est.
1062 565 1099 623 m

117 666 175 725 ego
188 648 262 709 aio:¹
273 646 335 704 Hoc
351 645 417 705 mibi
435 646 526 723 primo
546 646 693 716 confirma,
715 648 739 706 si
758 658 788 705 ut
806 649 891 706 ctiam
907 650 969 727 ipse
984 652 1100 708 coufes-

116 754 163 791 sus
182 750 224 801 es,
246 750 283 789 ex
301 732 462 807 incongrua
489 743 518 790 ct
545 732 704 791 inconsona
730 731 905 791 admixtione
935 735 1100 793 efficiuntur

100 818 198 889 mala,
221 828 251 876 et
268 815 342 876 istud
361 816 389 873 io
409 818 650 899 consequentibus
673 818 848 895 requiretur.
879 818 917 876 llt
939 830 1022 897 pater
1040 822 1097 878 ait:

117 902 154 965 Ut
172 920 204 961 se
223 900 310 961 babet
328 901 372 959 rei
390 913 507 973 natura,
537 904 575 961 ita
604 903 646 961 ais
664 903 717 961 fili.
762 903 832 961 Tum
860 924 916 981 ego
944 904 1096 983 respondi:

117 988 271 1064 Quiaergo
291 986 403 1047 discere
423 985 502 1065 cupis
521 985 557 1045 de
576 988 630 1058 bis,
651 986 717 1046 vide
737 999 841 1066 quauta
859 990 916 1047 sint
934 1010 1007 1067 quae
1027 990 1100 1048 mala

116 1092 180 1132 esse
208 1070 283 1151 apud
310 1072 449 1131 nemiuem
479 1070 651 1132 dubitantur.
699 1072 766 1131 Non
792 1074 843 1132 tibi
866 1073 980 1133 videtur
997 1076 1100 1133 malum

116 1176 181 1217 esse
192 1158 294 1227 febris,
315 1156 489 1228 incendium,
510 1157 625 1229 seditio,
645 1160 739 1229 ruina,
761 1158 878 1229 caedes,
895 1161 1099 1244 vincula,sup·

114 1244 212 1323 plicia,
234 1240 360 1313 dolores,
382 1243 484 1314 luctus,
506 1253 536 1301 et
553 1243 596 1302 bis
615 1245 737 1303 similia?
755 1244 900 1323 Etpater:
923 1246 1096 1317 Verumest,

115 1329 217 1407 inquit,
238 1328 289 1400 lili,
318 1328 390 1387 baec
409 1329 482 1387 mala
510 1346 574 1387 esse
598 1338 628 1387 et
646 1327 729 1387 valde
747 1329 836 1402 mala3
864 1341 913 1389 aut
941 1342 1022 1390 certe
1050 1332 1098 1410 qui
1144 1324 1149 1333 “

115 1425 203 1491 negat
221 1413 294 1473 baec
314 1433 377 1473 esse
396 1414 480 1485 nrala,
501 1415 624 1491 patiatur
643 1432 689 1471 ean.

130 1542 135 1551 -
158 1498 190 1559 9.
238 1499 341 1576 Etego
360 1497 513 1577 respondi:
536 1499 608 1571 Quia
627 1517 699 1575 ergo
718 1519 782 1558 cum
801 1519 837 1559 eo
856 1501 1027 1559 mihisermo
1039 1513 1094 1573 est,

114 1585 208 1664 quiin
228 1584 404 1661 astrologica
424 1583 574 1662 disciplina
601 1582 729 1643 eruditus
757 1596 813 1655 est,
833 1584 987 1644 secuudum
1008 1588 1097 1664 ipsam

116 1682 211 1729 tecum
230 1690 324 1747 agam,
355 1679 384 1727 ut
402 1667 438 1728 de
458 1670 501 1731 bis
521 1688 593 1747 quae
612 1668 664 1727 tibi
683 1670 710 1727 iu
729 1690 781 1729 usu
798 1680 864 1729 sunt
881 1672 1029 1749 accipiens
1050 1691 1098 1730 ra·

114 1752 233 1826 tibnem,
254 1756 338 1814 citius
356 1753 536 1833 adquiescas.
583 1751 659 1811 Audi
678 1775 752 1813 nunc
772 1775 856 1833 ergo.
890 1755 1047 1817 Confessus
1065 1777 1098 1816 es

114 1841 187 1900 mala
206 1859 270 1899 esse
290 1860 324 1899 ea
343 1858 415 1918 quae
435 1860 520 1918 supra
539 1836 670 1910 diximus,
700 1839 729 1899 id
748 1852 793 1899 est
811 1841 919 1912 febres,
948 1840 1094 1913 incendia,

115 1937 143 1985 et
163 1926 206 1984 bis
225 1926 341 1997 similia3
364 1925 434 1983 ltaec
454 1923 608 1985 secundum
621 1945 714 1984 rosa
737 1927 885 1985 malitiosis
912 1926 1004 1985 stellis
1032 1927 1097 1986 lieri

115 2010 259 2082 dicuntur,
279 2010 308 2069 id
327 2021 371 2070 est
389 2010 424 2069 ab
443 2009 557 2069 humido
578 2010 701 2070 Saturno
721 2011 977 2085 etealidoblarte3
998 2012 1097 2071 borum

113 2116 184 2156 vero
204 2097 347 2155 contraria
364 2115 382 2155 a
399 2097 532 2173 benignis
553 2096 735 2166 deridebis,
765 2097 794 2156 id
823 2108 868 2156 est
893 2119 925 2157 ax
938 2108 1096 2176 temperato

115 2181 183 2243 Iove
203 2193 233 2242 et
249 2181 363 2242 hunnido
380 2181 513 2254 Venere3
535 2190 583 2241 aut
601 2202 658 2240 uon
677 2184 718 2241 ita
735 2182 853 2241 esttibi
875 2193 958 2260 pater
975 2202 1097 2260 respou-

116 2267 172 2326 dit:
203 2269 245 2326 lta
264 2278 308 2326 cst
327 2266 377 2336 fili,
398 2285 453 2324 uec
476 2267 562 2325 aliter
589 2267 652 2323 lieri
679 2277 787 2342 potest.
832 2266 902 2324 Tum
928 2273 1003 2342 ego:
1025 2268 1097 2339 Quia

115 2373 186 2430 ergo
205 2373 222 2410 a
240 2353 322 2410 bouis
341 2351 442 2421 stellis,
463 2350 531 2408 love
551 2349 615 2410 dico
636 2360 667 2409 ct
685 2350 810 2420 Venere,
840 2350 914 2408 bona
933 2352 997 2409 lieri
1025 2351 1098 2409 dici·

113 2440 162 2508 tis,
183 2436 328 2496 videamus
347 2453 532 2513 unaquaeque
551 2436 688 2494 malarum
708 2436 853 2494 stellarum
881 2455 944 2496 eum
970 2435 1098 2495 admixta

12 2527 13 2532 ’
114 2505 203 2582 febrit
218 2522 309 2590 bouis,
332 2519 398 2598 quid
417 2518 555 2598 estquod
574 2520 681 2591 eflicit3
711 2529 741 2578 et
763 2519 832 2578 illud
859 2540 924 2579 esse
951 2521 1099 2599 intelliga-

114 2629 175 2666 mus
194 2607 307 2663 malum.
352 2603 465 2664 Etenim
485 2606 596 2682 nuptias
614 2605 715 2663 facere
725 2605 869 2665 Venerem
879 2607 1001 2684 ponitis,
1023 2627 1096 2686 qnae

114 2693 138 2751 si
158 2691 254 2750 lovena
273 2689 377 2749 babeat
394 2691 422 2748 iu
441 2690 586 2749 schemate
606 2709 668 2761 suo,
689 2689 807 2769 pudicas
826 2692 946 2763 efficiat,
967 2690 1097 2752 loveau·

20 2795 23 2802 ⁴
113 2789 171 2838 tem
191 2775 452 2854 nonrespicieute,
473 2776 497 2834 si
516 2771 641 2836 adfuerit
659 2775 748 2848 Mars,
770 2778 912 2855 eorrumpi
923 2778 1035 2856 nuptias
1045 2798 1098 2857 per

12 2877 14 2952 p
113 2861 282 2921 adulterium
300 2861 507 2941 pronunciatis.
554 2859 591 2920 Et
609 2872 707 2939 pater:
737 2861 779 2920 lta
806 2882 853 2933 se,
874 2863 975 2941 iuquit,
996 2863 1093 2923 babet.

113 2947 177 3025 ligo
196 2945 347 3024 respondi:
365 2946 448 3024 Ergo
467 2947 567 3004 malum
588 2957 632 3004 est
654 2945 839 3018 adulterium,
870 2945 1096 3026 quandoquidem

115 3053 151 3092 ex
170 3033 302 3092 malarum
322 3031 465 3090 stellarum
485 3029 660 3090 admixtione
679 3032 879 3103 committitur3
909 3042 938 3089 et
964 3043 995 3090 ut
1018 3053 1097 3090 com·

114 3116 280 3195 pendiosius
299 3117 486 3193 explicemus,
507 3117 601 3175 omnia
621 3133 693 3194 quae
713 3113 808 3174 dicitis
827 3135 866 3195 ex
881 3117 1018 3174 malarum
1046 3116 1096 3176 ad-

114 3203 250 3265 mixtione
270 3201 414 3262 stellarum
432 3201 521 3260 bonas
540 3202 654 3280 perpeti
672 3200 783 3271 stellas,
804 3201 879 3259 mala
897 3219 961 3260 esse
972 3200 1097 3260 sinedu·

114 3287 162 3345 bio
180 3285 394 3366 pronuncianda
418 3297 493 3346 suut.
540 3287 616 3346 lstac
635 3305 708 3362 ergo
726 3286 827 3344 stellae
846 3305 962 3363 quarum
987 3284 1096 3343 admix-

114 3373 193 3430 tione
213 3369 333 3432 diximus
352 3371 460 3442 febres,
482 3371 627 3440 inceudia,
650 3381 680 3429 et
699 3380 816 3428 caetera
833 3369 878 3427 bis
895 3370 998 3428 similia
1017 3371 1095 3429 effici
1179 3413 1184 3428 ,

114 3457 198 3528 mala,
220 3458 297 3534 ipsae
316 3455 471 3516 secuudum
489 3475 540 3516 vos
558 3458 642 3516 etiam
661 3454 827 3524 homicidia,
847 3453 1000 3525 adulteria,
1021 3455 1097 3514 furta

115 3553 283 3620 operantur,
303 3552 455 3620 protervos
475 3542 558 3600 etiam
579 3552 608 3599 et
627 3539 746 3600 stolidos
765 3541 844 3617 ipsae
864 3539 1003 3598 efficiunt.

44 3659 56 3682 ·
160 3625 213 3685 10.
260 3627 297 3685 Et
319 3636 417 3704 pater:
438 3626 529 3697 Vere,
550 3627 651 3704 inquit,
672 3626 800 3684 breviter
818 3635 848 3684 et
865 3624 1097 3702 incomparabili·

116 3722 160 3770 ter
178 3710 340 3782 ostendisti,
362 3713 426 3790 quia
446 3714 502 3770 sint
520 3711 591 3768 mala
610 3711 638 3768 in
657 3709 783 3781 actibus,
804 3707 855 3768 sed
874 3709 929 3767 boc
944 3708 1097 3770 adbucve·

114 3796 161 3854 lim
181 3794 306 3867 discere,
337 3795 477 3874 quomodo
505 3797 578 3854 iuste
606 3793 713 3854 iudicat
735 3794 805 3854 deus
824 3814 876 3852 eos
895 3795 941 3872 qui
959 3807 1095 3873 peceant,

114 3879 189 3940 siout
206 3900 257 3942 vos
277 3879 383 3953 dicitis,
412 3882 437 3942 si
463 3901 589 3959 peccare
617 3900 669 3942 cos
687 3879 803 3958 genesis
816 3880 920 4026 ‘clgdw
942 3879 1011 3940 Tum
1039 3899 1113 3958 ego.
