<?xml version="1.0" encoding="UTF-8"?>
<!DOCTYPE html PUBLIC "-//W3C//DTD XHTML 1.0 Transitional//EN"
    "http://www.w3.org/TR/xhtml1/DTD/xhtml1-transitional.dtd">
<html xmlns="http://www.w3.org/1999/xhtml" xml:lang="en" lang="en">
 <head>
  <title>
</title>
<meta http-equiv="Content-Type" content="text/html;charset=utf-8" />
  <meta name='ocr-system' content='tesseract 3.04.00' />
  <meta name='ocr-capabilities' content='ocr_page ocr_carea ocr_par ocr_line ocrx_word'/>
</head>
<body>
  <div class='ocr_page' id='page_1' title='image "./recognitionesru00gersgoog_0114.png"; bbox 0 0 2634 4400; ppageno 0'>
   <div class='ocr_carea' id='block_1_1' title="bbox 669 281 734 346">
    <p class='ocr_par' dir='ltr' id='par_1_1' title="bbox 669 281 734 346">
     <span class='ocr_line' id='line_1_1' title="bbox 669 281 734 346; baseline -0.031 0"><span class='ocrx_word' id='word_1_1' title='bbox 669 281 734 346; x_wconf 88' lang='lat' dir='ltr'>llll</span> 
     </span>
    </p>
   </div>
   <div class='ocr_carea' id='block_1_2' title="bbox 594 380 807 392">
    <p class='ocr_par' dir='ltr' id='par_1_2' title="bbox 594 380 807 392">
     <span class='ocr_line' id='line_1_2' title="bbox 594 380 807 392; baseline 0 -2"><span class='ocrx_word' id='word_1_2' title='bbox 594 380 807 392; x_wconf 55' lang='lat' dir='ltr'>m-</span> 
     </span>
    </p>
   </div>
   <div class='ocr_carea' id='block_1_3' title="bbox 64 483 1311 3953">
    <p class='ocr_par' dir='ltr' id='par_1_3' title="bbox 154 483 1194 995">
     <span class='ocr_line' id='line_1_3' title="bbox 154 483 1193 571; baseline 0 -20"><span class='ocrx_word' id='word_1_3' title='bbox 154 497 156 504; x_wconf 79' lang='grc'><strong>“</strong></span> <span class='ocrx_word' id='word_1_4' title='bbox 214 492 350 571; x_wconf 87' lang='lat' dir='ltr'>estquod</span> <span class='ocrx_word' id='word_1_5' title='bbox 370 483 476 550; x_wconf 84' lang='lat' dir='ltr'>lucrum</span> <span class='ocrx_word' id='word_1_6' title='bbox 495 485 599 550; x_wconf 85' lang='lat' dir='ltr'>factum</span> <span class='ocrx_word' id='word_1_7' title='bbox 618 511 674 548; x_wconf 91' lang='lat' dir='ltr'>non</span> <span class='ocrx_word' id='word_1_8' title='bbox 693 503 754 564; x_wconf 69' lang='lat' dir='ltr'>est,</span> <span class='ocrx_word' id='word_1_9' title='bbox 775 501 806 549; x_wconf 88' lang='lat' dir='ltr'>ut</span> <span class='ocrx_word' id='word_1_10' title='bbox 824 511 895 568; x_wconf 80' lang='lat' dir='ltr'>crgo</span> <span class='ocrx_word' id='word_1_11' title='bbox 915 502 944 549; x_wconf 88' lang='lat' dir='ltr'>et</span> <span class='ocrx_word' id='word_1_12' title='bbox 962 511 1013 548; x_wconf 83' lang='lat' dir='ltr'>ros</span> <span class='ocrx_word' id='word_1_13' title='bbox 1040 494 1131 569; x_wconf 85' lang='lat' dir='ltr'>magis</span> <span class='ocrx_word' id='word_1_14' title='bbox 1157 511 1193 552; x_wconf 82' lang='lat' dir='ltr'>ac</span> 
     </span>
     <span class='ocr_line' id='line_1_4' title="bbox 213 575 1194 655; baseline -0.002 -19"><span class='ocrx_word' id='word_1_15' title='bbox 213 579 303 655; x_wconf 83' lang='lat' dir='ltr'>uragls</span> <span class='ocrx_word' id='word_1_16' title='bbox 321 579 349 634; x_wconf 92' lang='lat' dir='ltr'>in</span> <span class='ocrx_word' id='word_1_17' title='bbox 368 578 488 636; x_wconf 85' lang='lat' dir='ltr'>veritato</span> <span class='ocrx_word' id='word_1_18' title='bbox 508 577 668 646; x_wconf 80' lang='lat' dir='ltr'>bruremiui,</span> <span class='ocrx_word' id='word_1_19' title='bbox 690 588 719 633; x_wconf 87' lang='lat' dir='ltr'>et</span> <span class='ocrx_word' id='word_1_20' title='bbox 737 585 841 653; x_wconf 81' lang='lat' dir='ltr'>gentes</span> <span class='ocrx_word' id='word_1_21' title='bbox 859 595 931 654; x_wconf 84' lang='lat' dir='ltr'>quae</span> <span class='ocrx_word' id='word_1_22' title='bbox 950 575 1122 636; x_wconf 87' lang='lat' dir='ltr'>adsalutem</span> <span class='ocrx_word' id='word_1_23' title='bbox 1141 598 1194 635; x_wconf 86' lang='lat' dir='ltr'>vo·</span> 
     </span>
     <span class='ocr_line' id='line_1_5' title="bbox 214 661 1194 740; baseline 0 -20"><span class='ocrx_word' id='word_1_24' title='bbox 214 675 315 720; x_wconf 86' lang='lat' dir='ltr'>camur</span> <span class='ocrx_word' id='word_1_25' title='bbox 332 681 388 722; x_wconf 92' lang='lat' dir='ltr'>nou</span> <span class='ocrx_word' id='word_1_26' title='bbox 408 679 609 740; x_wconf 77' lang='lat' dir='ltr'>usquequaque</span> <span class='ocrx_word' id='word_1_27' title='bbox 628 663 741 738; x_wconf 83' lang='lat' dir='ltr'><strong>possint</strong></span> <span class='ocrx_word' id='word_1_28' title='bbox 766 663 892 738; x_wconf 80' lang='lat' dir='ltr'>nequitia</span> <span class='ocrx_word' id='word_1_29' title='bbox 920 661 1043 719; x_wconf 88' lang='lat' dir='ltr'>Simonis</span> <span class='ocrx_word' id='word_1_30' title='bbox 1069 681 1194 740; x_wconf 84' lang='lat' dir='ltr'>praere-</span> 
     </span>
     <span class='ocr_line' id='line_1_6' title="bbox 214 744 1192 825; baseline -0.002 -19"><span class='ocrx_word' id='word_1_31' title='bbox 214 749 279 818; x_wconf 90' lang='lat' dir='ltr'>niri,</span> <span class='ocrx_word' id='word_1_32' title='bbox 301 748 424 825; x_wconf 84' lang='lat' dir='ltr'>cogitavi</span> <span class='ocrx_word' id='word_1_33' title='bbox 444 747 621 804; x_wconf 86' lang='lat' dir='ltr'>Zacchaeum</span> <span class='ocrx_word' id='word_1_34' title='bbox 641 746 721 804; x_wconf 85' lang='lat' dir='ltr'>vobis</span> <span class='ocrx_word' id='word_1_35' title='bbox 731 744 865 803; x_wconf 85' lang='lat' dir='ltr'>ordinare</span> <span class='ocrx_word' id='word_1_36' title='bbox 876 757 1032 824; x_wconf 79' lang='lat' dir='ltr'>pastorem,</span> <span class='ocrx_word' id='word_1_37' title='bbox 1054 767 1110 822; x_wconf 86' lang='lat' dir='ltr'>ego</span> <span class='ocrx_word' id='word_1_38' title='bbox 1121 765 1192 804; x_wconf 85' lang='lat' dir='ltr'>vero</span> 
     </span>
     <span class='ocr_line' id='line_1_7' title="bbox 213 829 1194 911; baseline -0.004 -20"><span class='ocrx_word' id='word_1_39' title='bbox 213 835 273 911; x_wconf 91' lang='lat' dir='ltr'>ipse</span> <span class='ocrx_word' id='word_1_40' title='bbox 293 843 353 890; x_wconf 87' lang='lat' dir='ltr'>tres</span> <span class='ocrx_word' id='word_1_41' title='bbox 371 831 515 890; x_wconf 75' lang='lat' dir='ltr'>vobiscum</span> <span class='ocrx_word' id='word_1_42' title='bbox 534 850 706 910; x_wconf 87' lang='lat' dir='ltr'>permanere</span> <span class='ocrx_word' id='word_1_43' title='bbox 724 849 838 888; x_wconf 90' lang='lat' dir='ltr'>menses</span> <span class='ocrx_word' id='word_1_44' title='bbox 865 840 895 888; x_wconf 88' lang='lat' dir='ltr'>et</span> <span class='ocrx_word' id='word_1_45' title='bbox 917 832 955 887; x_wconf 91' lang='lat' dir='ltr'>ita</span> <span class='ocrx_word' id='word_1_46' title='bbox 983 832 1130 908; x_wconf 76' lang='lat' dir='ltr'>proticisci</span> <span class='ocrx_word' id='word_1_47' title='bbox 1156 829 1194 888; x_wconf 91' lang='lat' dir='ltr'>ad</span> 
     </span>
     <span class='ocr_line' id='line_1_8' title="bbox 214 911 1194 995; baseline -0.003 -20"><span class='ocrx_word' id='word_1_48' title='bbox 214 929 327 995; x_wconf 85' lang='lat' dir='ltr'>gentes,</span> <span class='ocrx_word' id='word_1_49' title='bbox 349 937 383 974; x_wconf 93' lang='lat' dir='ltr'>ne</span> <span class='ocrx_word' id='word_1_50' title='bbox 403 917 522 993; x_wconf 80' lang='lat' dir='ltr'>atriplius</span> <span class='ocrx_word' id='word_1_51' title='bbox 538 911 716 974; x_wconf 53' lang='lat' dir='ltr'>&#39;morantibus</span> <span class='ocrx_word' id='word_1_52' title='bbox 734 915 815 972; x_wconf 90' lang='lat' dir='ltr'>nobis</span> <span class='ocrx_word' id='word_1_53' title='bbox 834 926 864 972; x_wconf 92' lang='lat' dir='ltr'>et</span> <span class='ocrx_word' id='word_1_54' title='bbox 890 915 1048 973; x_wconf 72' lang='lat' dir='ltr'>sceleribus</span> <span class='ocrx_word' id='word_1_55' title='bbox 1067 916 1194 974; x_wconf 83' lang='lat' dir='ltr'>Simonis</span> 
     </span>
    </p>

    <p class='ocr_par' dir='ltr' id='par_1_4' title="bbox 64 996 925 1080">
     <span class='ocr_line' id='line_1_9' title="bbox 64 996 925 1080; baseline -0.007 -16"><span class='ocrx_word' id='word_1_56' title='bbox 64 1057 68 1064; x_wconf 89' lang='lat'>.</span> <span class='ocrx_word' id='word_1_57' title='bbox 127 1043 129 1049; x_wconf 33' lang='grc' dir='ltr'><strong>ι</strong></span> <span class='ocrx_word' id='word_1_58' title='bbox 214 1021 412 1080; x_wconf 80' lang='lat' dir='ltr'>usquequaque</span> <span class='ocrx_word' id='word_1_59' title='bbox 432 999 636 1077; x_wconf 79' lang='lat' dir='ltr'>grassantibus,</span> <span class='ocrx_word' id='word_1_60' title='bbox 657 996 828 1058; x_wconf 83' lang='lat' dir='ltr'>insanabiles</span> <span class='ocrx_word' id='word_1_61' title='bbox 846 1000 925 1058; x_wconf 88' lang='lat' dir='ltr'>liant.</span> 
     </span>
    </p>

    <p class='ocr_par' dir='ltr' id='par_1_5' title="bbox 213 1083 1196 1924">
     <span class='ocr_line' id='line_1_10' title="bbox 254 1083 1195 1162; baseline 0 -20"><span class='ocrx_word' id='word_1_62' title='bbox 254 1085 310 1144; x_wconf 75' lang='lat'>66.</span> <span class='ocrx_word' id='word_1_63' title='bbox 357 1086 435 1143; x_wconf 87' lang='lat' dir='ltr'>llaec</span> <span class='ocrx_word' id='word_1_64' title='bbox 454 1085 502 1142; x_wconf 93' lang='lat' dir='ltr'>illo</span> <span class='ocrx_word' id='word_1_65' title='bbox 522 1083 635 1143; x_wconf 86' lang='lat' dir='ltr'>dicente</span> <span class='ocrx_word' id='word_1_66' title='bbox 655 1087 803 1142; x_wconf 82' lang='lat' dir='ltr'>universus</span> <span class='ocrx_word' id='word_1_67' title='bbox 821 1085 941 1162; x_wconf 88' lang='lat' dir='ltr'>populos</span> <span class='ocrx_word' id='word_1_68' title='bbox 959 1085 1037 1142; x_wconf 80' lang='lat' dir='ltr'>licvit</span> <span class='ocrx_word' id='word_1_69' title='bbox 1044 1128 1053 1155; x_wconf 94' lang='lat'>,</span> <span class='ocrx_word' id='word_1_70' title='bbox 1072 1083 1195 1142; x_wconf 90' lang='lat' dir='ltr'>audiens</span> 
     </span>
     <span class='ocr_line' id='line_1_11' title="bbox 214 1168 1194 1250; baseline -0.003 -21"><span class='ocrx_word' id='word_1_71' title='bbox 214 1170 289 1250; x_wconf 92' lang='lat' dir='ltr'>quod</span> <span class='ocrx_word' id='word_1_72' title='bbox 308 1172 489 1247; x_wconf 85' lang='lat' dir='ltr'>prolecturus</span> <span class='ocrx_word' id='word_1_73' title='bbox 516 1180 605 1228; x_wconf 90' lang='lat' dir='ltr'>esset.</span> <span class='ocrx_word' id='word_1_74' title='bbox 651 1170 692 1226; x_wconf 93' lang='lat' dir='ltr'>At</span> <span class='ocrx_word' id='word_1_75' title='bbox 719 1168 819 1226; x_wconf 86' lang='lat' dir='ltr'>Petrus</span> <span class='ocrx_word' id='word_1_76' title='bbox 846 1189 1010 1246; x_wconf 87' lang='lat' dir='ltr'>compassus</span> <span class='ocrx_word' id='word_1_77' title='bbox 1037 1171 1079 1226; x_wconf 87' lang='lat' dir='ltr'>eis</span> <span class='ocrx_word' id='word_1_78' title='bbox 1106 1171 1194 1226; x_wconf 87' lang='lat' dir='ltr'>etiam</span> 
     </span>
     <span class='ocr_line' id='line_1_12' title="bbox 214 1253 1195 1333; baseline -0.002 -20"><span class='ocrx_word' id='word_1_79' title='bbox 214 1259 275 1333; x_wconf 88' lang='lat' dir='ltr'>ipse</span> <span class='ocrx_word' id='word_1_80' title='bbox 295 1255 425 1312; x_wconf 84' lang='lat' dir='ltr'>lacrimas</span> <span class='ocrx_word' id='word_1_81' title='bbox 444 1253 526 1324; x_wconf 84' lang='lat' dir='ltr'>ludit,</span> <span class='ocrx_word' id='word_1_82' title='bbox 548 1265 578 1312; x_wconf 92' lang='lat' dir='ltr'>et</span> <span class='ocrx_word' id='word_1_83' title='bbox 594 1255 622 1311; x_wconf 91' lang='lat' dir='ltr'>iu</span> <span class='ocrx_word' id='word_1_84' title='bbox 642 1254 754 1312; x_wconf 87' lang='lat' dir='ltr'>coelum</span> <span class='ocrx_word' id='word_1_85' title='bbox 773 1255 932 1330; x_wconf 84' lang='lat' dir='ltr'>respiciens</span> <span class='ocrx_word' id='word_1_86' title='bbox 955 1255 1012 1310; x_wconf 83' lang='lat' dir='ltr'>ait:</span> <span class='ocrx_word' id='word_1_87' title='bbox 1039 1253 1103 1311; x_wconf 83' lang='lat' dir='ltr'>Tibi</span> <span class='ocrx_word' id='word_1_88' title='bbox 1121 1253 1195 1311; x_wconf 88' lang='lat' dir='ltr'>deus</span> 
     </span>
     <span class='ocr_line' id='line_1_13' title="bbox 215 1339 1194 1419; baseline -0.003 -22"><span class='ocrx_word' id='word_1_89' title='bbox 215 1341 260 1419; x_wconf 92' lang='lat' dir='ltr'>qui</span> <span class='ocrx_word' id='word_1_90' title='bbox 280 1340 390 1397; x_wconf 88' lang='lat' dir='ltr'>coelum</span> <span class='ocrx_word' id='word_1_91' title='bbox 418 1350 581 1416; x_wconf 85' lang='lat' dir='ltr'>terramque</span> <span class='ocrx_word' id='word_1_92' title='bbox 609 1339 703 1396; x_wconf 86' lang='lat' dir='ltr'>iecisti</span> <span class='ocrx_word' id='word_1_93' title='bbox 731 1349 761 1396; x_wconf 92' lang='lat' dir='ltr'>et</span> <span class='ocrx_word' id='word_1_94' title='bbox 783 1339 877 1395; x_wconf 89' lang='lat' dir='ltr'>omnia</span> <span class='ocrx_word' id='word_1_95' title='bbox 904 1357 976 1415; x_wconf 84' lang='lat' dir='ltr'>quae</span> <span class='ocrx_word' id='word_1_96' title='bbox 1002 1339 1030 1394; x_wconf 91' lang='lat' dir='ltr'>in</span> <span class='ocrx_word' id='word_1_97' title='bbox 1053 1340 1097 1396; x_wconf 90' lang='lat' dir='ltr'>eis</span> <span class='ocrx_word' id='word_1_98' title='bbox 1116 1351 1194 1408; x_wconf 89' lang='lat' dir='ltr'>suut,</span> 
     </span>
     <span class='ocr_line' id='line_1_14' title="bbox 215 1421 1195 1503; baseline -0.004 -21"><span class='ocrx_word' id='word_1_99' title='bbox 215 1444 330 1503; x_wconf 86' lang='lat' dir='ltr'>precem</span> <span class='ocrx_word' id='word_1_100' title='bbox 350 1425 504 1502; x_wconf 83' lang='lat' dir='ltr'>supplicem</span> <span class='ocrx_word' id='word_1_101' title='bbox 523 1421 676 1493; x_wconf 80' lang='lat' dir='ltr'>fundimus,</span> <span class='ocrx_word' id='word_1_102' title='bbox 696 1432 727 1480; x_wconf 93' lang='lat' dir='ltr'>ut</span> <span class='ocrx_word' id='word_1_103' title='bbox 741 1423 943 1498; x_wconf 74' lang='lat' dir='ltr'>confugientes</span> <span class='ocrx_word' id='word_1_104' title='bbox 952 1421 987 1501; x_wconf 85' lang='lat' dir='ltr'>ad</span> <span class='ocrx_word' id='word_1_105' title='bbox 998 1434 1026 1480; x_wconf 89' lang='lat' dir='ltr'>te</span> <span class='ocrx_word' id='word_1_106' title='bbox 1037 1423 1065 1479; x_wconf 92' lang='lat' dir='ltr'>in</span> <span class='ocrx_word' id='word_1_107' title='bbox 1075 1423 1195 1480; x_wconf 87' lang='lat' dir='ltr'>tribula·</span> 
     </span>
     <span class='ocr_line' id='line_1_15' title="bbox 215 1507 1196 1586; baseline -0.002 -18"><span class='ocrx_word' id='word_1_108' title='bbox 215 1511 292 1568; x_wconf 85' lang='lat' dir='ltr'>tione</span> <span class='ocrx_word' id='word_1_109' title='bbox 311 1529 361 1568; x_wconf 86' lang='lat' dir='ltr'>sua</span> <span class='ocrx_word' id='word_1_110' title='bbox 383 1509 502 1579; x_wconf 82' lang='lat' dir='ltr'>soleris3</span> <span class='ocrx_word' id='word_1_111' title='bbox 523 1513 643 1586; x_wconf 86' lang='lat' dir='ltr'>propter</span> <span class='ocrx_word' id='word_1_112' title='bbox 660 1509 792 1566; x_wconf 85' lang='lat' dir='ltr'>affectum</span> <span class='ocrx_word' id='word_1_113' title='bbox 812 1509 885 1564; x_wconf 85' lang='lat' dir='ltr'>enim</span> <span class='ocrx_word' id='word_1_114' title='bbox 906 1527 987 1584; x_wconf 88' lang='lat' dir='ltr'>quem</span> <span class='ocrx_word' id='word_1_115' title='bbox 1006 1507 1112 1566; x_wconf 88' lang='lat' dir='ltr'>babent</span> <span class='ocrx_word' id='word_1_116' title='bbox 1123 1526 1196 1582; x_wconf 83' lang='lat' dir='ltr'>erga</span> 
     </span>
     <span class='ocr_line' id='line_1_16' title="bbox 213 1590 1196 1670; baseline -0.005 -18"><span class='ocrx_word' id='word_1_117' title='bbox 213 1606 254 1665; x_wconf 90' lang='lat' dir='ltr'>te,</span> <span class='ocrx_word' id='word_1_118' title='bbox 276 1593 396 1670; x_wconf 80' lang='lat' dir='ltr'>diligunt</span> <span class='ocrx_word' id='word_1_119' title='bbox 413 1611 469 1663; x_wconf 84' lang='lat' dir='ltr'>me,</span> <span class='ocrx_word' id='word_1_120' title='bbox 490 1593 536 1670; x_wconf 88' lang='lat' dir='ltr'>qui</span> <span class='ocrx_word' id='word_1_121' title='bbox 555 1594 704 1651; x_wconf 89' lang='lat' dir='ltr'>veritatem</span> <span class='ocrx_word' id='word_1_122' title='bbox 723 1603 796 1650; x_wconf 90' lang='lat' dir='ltr'>tuam</span> <span class='ocrx_word' id='word_1_123' title='bbox 815 1590 983 1650; x_wconf 85' lang='lat' dir='ltr'>adnunciavi</span> <span class='ocrx_word' id='word_1_124' title='bbox 1002 1593 1055 1650; x_wconf 90' lang='lat' dir='ltr'>eis.</span> <span class='ocrx_word' id='word_1_125' title='bbox 1103 1591 1196 1668; x_wconf 86' lang='lat' dir='ltr'>Prop-</span> 
     </span>
     <span class='ocr_line' id='line_1_17' title="bbox 214 1675 1194 1756; baseline -0.004 -20"><span class='ocrx_word' id='word_1_126' title='bbox 214 1691 259 1736; x_wconf 89' lang='lat' dir='ltr'>ter</span> <span class='ocrx_word' id='word_1_127' title='bbox 279 1676 353 1756; x_wconf 90' lang='lat' dir='ltr'>quod</span> <span class='ocrx_word' id='word_1_128' title='bbox 372 1677 564 1735; x_wconf 84' lang='lat' dir='ltr'>miserationis</span> <span class='ocrx_word' id='word_1_129' title='bbox 582 1688 648 1735; x_wconf 90' lang='lat' dir='ltr'>tuae</span> <span class='ocrx_word' id='word_1_130' title='bbox 668 1675 788 1734; x_wconf 78' lang='lat' dir='ltr'>dextera</span> <span class='ocrx_word' id='word_1_131' title='bbox 807 1675 918 1734; x_wconf 88' lang='lat' dir='ltr'>custodi</span> <span class='ocrx_word' id='word_1_132' title='bbox 938 1695 1005 1748; x_wconf 81' lang='lat' dir='ltr'>eos3</span> <span class='ocrx_word' id='word_1_133' title='bbox 1034 1695 1090 1733; x_wconf 90' lang='lat' dir='ltr'>uon</span> <span class='ocrx_word' id='word_1_134' title='bbox 1118 1677 1194 1733; x_wconf 90' lang='lat' dir='ltr'>enim</span> 
     </span>
     <span class='ocr_line' id='line_1_18' title="bbox 214 1759 1195 1840; baseline -0.004 -20"><span class='ocrx_word' id='word_1_135' title='bbox 214 1763 380 1821; x_wconf 82' lang='lat' dir='ltr'>Zacchaeus</span> <span class='ocrx_word' id='word_1_136' title='bbox 399 1779 453 1820; x_wconf 89' lang='lat' dir='ltr'>nec</span> <span class='ocrx_word' id='word_1_137' title='bbox 472 1762 544 1820; x_wconf 87' lang='lat' dir='ltr'>allus</span> <span class='ocrx_word' id='word_1_138' title='bbox 563 1762 707 1840; x_wconf 88' lang='lat' dir='ltr'>quisquam</span> <span class='ocrx_word' id='word_1_139' title='bbox 725 1761 868 1818; x_wconf 88' lang='lat' dir='ltr'>homiuum</span> <span class='ocrx_word' id='word_1_140' title='bbox 886 1772 984 1818; x_wconf 84' lang='lat' dir='ltr'>custos</span> <span class='ocrx_word' id='word_1_141' title='bbox 1001 1779 1066 1820; x_wconf 90' lang='lat' dir='ltr'>esse</span> <span class='ocrx_word' id='word_1_142' title='bbox 1077 1761 1121 1818; x_wconf 90' lang='lat' dir='ltr'>eis</span> <span class='ocrx_word' id='word_1_143' title='bbox 1130 1759 1195 1816; x_wconf 88' lang='lat' dir='ltr'>ido·</span> 
     </span>
     <span class='ocr_line' id='line_1_19' title="bbox 214 1844 1196 1924; baseline -0.002 -20"><span class='ocrx_word' id='word_1_144' title='bbox 214 1867 284 1904; x_wconf 91' lang='lat' dir='ltr'>neus</span> <span class='ocrx_word' id='word_1_145' title='bbox 298 1857 409 1924; x_wconf 80' lang='lat' dir='ltr'>potest.</span> <span class='ocrx_word' id='word_1_146' title='bbox 458 1845 536 1904; x_wconf 85' lang='lat' dir='ltr'>llaec</span> <span class='ocrx_word' id='word_1_147' title='bbox 555 1857 648 1906; x_wconf 88' lang='lat' dir='ltr'>autem</span> <span class='ocrx_word' id='word_1_148' title='bbox 667 1847 759 1905; x_wconf 88' lang='lat' dir='ltr'>ethis</span> <span class='ocrx_word' id='word_1_149' title='bbox 785 1845 886 1904; x_wconf 89' lang='lat' dir='ltr'>similia</span> <span class='ocrx_word' id='word_1_150' title='bbox 913 1864 976 1903; x_wconf 90' lang='lat' dir='ltr'>cum</span> <span class='ocrx_word' id='word_1_151' title='bbox 1002 1844 1122 1902; x_wconf 79' lang='lat' dir='ltr'>dixisset</span> <span class='ocrx_word' id='word_1_152' title='bbox 1141 1845 1196 1902; x_wconf 85' lang='lat' dir='ltr'>Pe·</span> 
     </span>
    </p>

    <p class='ocr_par' dir='ltr' id='par_1_6' title="bbox 168 1929 1196 2008">
     <span class='ocr_line' id='line_1_20' title="bbox 168 1929 1196 2008; baseline 0 -21"><span class='ocrx_word' id='word_1_153' title='bbox 168 1958 170 1964; x_wconf 50' lang='lat'><em>*</em></span> <span class='ocrx_word' id='word_1_154' title='bbox 213 1941 285 1999; x_wconf 88' lang='lat' dir='ltr'>trus,</span> <span class='ocrx_word' id='word_1_155' title='bbox 306 1931 433 1988; x_wconf 87' lang='lat' dir='ltr'>manibus</span> <span class='ocrx_word' id='word_1_156' title='bbox 451 1932 638 2008; x_wconf 81' lang='lat' dir='ltr'>superpositis</span> <span class='ocrx_word' id='word_1_157' title='bbox 647 1930 799 1988; x_wconf 87' lang='lat' dir='ltr'>Zaccbaeo</span> <span class='ocrx_word' id='word_1_158' title='bbox 814 1931 916 2000; x_wconf 79' lang='lat' dir='ltr'>orarit,</span> <span class='ocrx_word' id='word_1_159' title='bbox 936 1941 967 1987; x_wconf 90' lang='lat' dir='ltr'>ut</span> <span class='ocrx_word' id='word_1_160' title='bbox 984 1929 1196 2006; x_wconf 81' lang='lat' dir='ltr'>inculpabiliter</span> 
     </span>
    </p>

    <p class='ocr_par' dir='ltr' id='par_1_7' title="bbox 164 2009 1196 2101">
     <span class='ocr_line' id='line_1_21' title="bbox 164 2009 1196 2101; baseline -0.003 -28"><span class='ocrx_word' id='word_1_161' title='bbox 164 2027 168 2101; x_wconf 56' lang='grc' dir='ltr'><em>ξ</em></span> <span class='ocrx_word' id='word_1_162' title='bbox 216 2015 397 2092; x_wconf 85' lang='lat' dir='ltr'>episcopatus</span> <span class='ocrx_word' id='word_1_163' title='bbox 430 2017 473 2072; x_wconf 86' lang='lat' dir='ltr'>sui</span> <span class='ocrx_word' id='word_1_164' title='bbox 499 2025 630 2074; x_wconf 86' lang='lat' dir='ltr'>servaret</span> <span class='ocrx_word' id='word_1_165' title='bbox 657 2016 796 2074; x_wconf 81' lang='lat' dir='ltr'>alliciam.</span> <span class='ocrx_word' id='word_1_166' title='bbox 849 2014 917 2072; x_wconf 84' lang='lat' dir='ltr'>Post</span> <span class='ocrx_word' id='word_1_167' title='bbox 942 2015 1015 2072; x_wconf 88' lang='lat' dir='ltr'>baec</span> <span class='ocrx_word' id='word_1_168' title='bbox 1043 2009 1196 2073; x_wconf 88' lang='lat' dir='ltr'>duodecim</span> 
     </span>
    </p>

    <p class='ocr_par' dir='ltr' id='par_1_8' title="bbox 164 2097 1196 2178">
     <span class='ocr_line' id='line_1_22' title="bbox 164 2097 1196 2178; baseline -0.002 -21"><span class='ocrx_word' id='word_1_169' title='bbox 164 2112 166 2122; x_wconf 71' lang='lat'><strong>¹</strong></span> <span class='ocrx_word' id='word_1_170' title='bbox 214 2099 400 2178; x_wconf 82' lang='lat' dir='ltr'>presbyteros</span> <span class='ocrx_word' id='word_1_171' title='bbox 410 2098 552 2156; x_wconf 85' lang='lat' dir='ltr'>ordinarit</span> <span class='ocrx_word' id='word_1_172' title='bbox 562 2111 591 2156; x_wconf 91' lang='lat' dir='ltr'>et</span> <span class='ocrx_word' id='word_1_173' title='bbox 601 2097 738 2158; x_wconf 90' lang='lat' dir='ltr'>diacones</span> <span class='ocrx_word' id='word_1_174' title='bbox 748 2111 879 2177; x_wconf 88' lang='lat' dir='ltr'>quatuor,</span> <span class='ocrx_word' id='word_1_175' title='bbox 901 2100 995 2156; x_wconf 83' lang='lat' dir='ltr'>etait:</span> <span class='ocrx_word' id='word_1_176' title='bbox 1015 2098 1196 2156; x_wconf 87' lang='lat' dir='ltr'>Zacchaeum</span> 
     </span>
    </p>

    <p class='ocr_par' dir='ltr' id='par_1_9' title="bbox 163 2179 1197 3364">
     <span class='ocr_line' id='line_1_23' title="bbox 163 2179 1196 2263; baseline -0.002 -21"><span class='ocrx_word' id='word_1_177' title='bbox 163 2180 168 2248; x_wconf 70' lang='grc' dir='ltr'><em>ἶ</em></span> <span class='ocrx_word' id='word_1_178' title='bbox 215 2185 289 2242; x_wconf 90' lang='lat' dir='ltr'>hunc</span> <span class='ocrx_word' id='word_1_179' title='bbox 307 2183 387 2243; x_wconf 91' lang='lat' dir='ltr'>vobis</span> <span class='ocrx_word' id='word_1_180' title='bbox 407 2183 535 2243; x_wconf 88' lang='lat' dir='ltr'>ordinavi</span> <span class='ocrx_word' id='word_1_181' title='bbox 554 2186 729 2263; x_wconf 86' lang='lat' dir='ltr'>episcopum,</span> <span class='ocrx_word' id='word_1_182' title='bbox 750 2179 845 2243; x_wconf 80' lang='lat' dir='ltr'>sciens</span> <span class='ocrx_word' id='word_1_183' title='bbox 863 2204 926 2243; x_wconf 89' lang='lat' dir='ltr'>eum</span> <span class='ocrx_word' id='word_1_184' title='bbox 945 2185 1075 2242; x_wconf 90' lang='lat' dir='ltr'>timorem</span> <span class='ocrx_word' id='word_1_185' title='bbox 1087 2181 1196 2241; x_wconf 88' lang='lat' dir='ltr'>delha-</span> 
     </span>
     <span class='ocr_line' id='line_1_24' title="bbox 214 2268 1197 2348; baseline -0.004 -19"><span class='ocrx_word' id='word_1_186' title='bbox 214 2270 284 2329; x_wconf 89' lang='lat' dir='ltr'>bere</span> <span class='ocrx_word' id='word_1_187' title='bbox 302 2281 333 2329; x_wconf 85' lang='lat' dir='ltr'>et</span> <span class='ocrx_word' id='word_1_188' title='bbox 352 2269 491 2329; x_wconf 89' lang='lat' dir='ltr'>eruditum</span> <span class='ocrx_word' id='word_1_189' title='bbox 510 2290 574 2329; x_wconf 86' lang='lat' dir='ltr'>esso</span> <span class='ocrx_word' id='word_1_190' title='bbox 593 2272 622 2327; x_wconf 92' lang='lat' dir='ltr'>in</span> <span class='ocrx_word' id='word_1_191' title='bbox 641 2272 806 2348; x_wconf 83' lang='lat' dir='ltr'>scripturis,</span> <span class='ocrx_word' id='word_1_192' title='bbox 827 2288 909 2346; x_wconf 88' lang='lat' dir='ltr'>quem</span> <span class='ocrx_word' id='word_1_193' title='bbox 929 2270 1008 2346; x_wconf 86' lang='lat' dir='ltr'>quasi</span> <span class='ocrx_word' id='word_1_194' title='bbox 1026 2269 1132 2326; x_wconf 85' lang='lat' dir='ltr'>Christi</span> <span class='ocrx_word' id='word_1_195' title='bbox 1151 2268 1197 2325; x_wconf 79' lang='lat' dir='ltr'>lo·</span> 
     </span>
     <span class='ocr_line' id='line_1_25' title="bbox 215 2352 1196 2424; baseline -0.004 -11"><span class='ocrx_word' id='word_1_196' title='bbox 215 2374 277 2413; x_wconf 91' lang='lat' dir='ltr'>cum</span> <span class='ocrx_word' id='word_1_197' title='bbox 296 2368 456 2414; x_wconf 87' lang='lat' dir='ltr'>servantem</span> <span class='ocrx_word' id='word_1_198' title='bbox 476 2356 618 2414; x_wconf 89' lang='lat' dir='ltr'>honorare</span> <span class='ocrx_word' id='word_1_199' title='bbox 638 2354 770 2424; x_wconf 81' lang='lat' dir='ltr'>debetis,</span> <span class='ocrx_word' id='word_1_200' title='bbox 783 2353 953 2412; x_wconf 87' lang='lat' dir='ltr'>obedientes</span> <span class='ocrx_word' id='word_1_201' title='bbox 974 2355 1002 2411; x_wconf 91' lang='lat' dir='ltr'>ei</span> <span class='ocrx_word' id='word_1_202' title='bbox 1020 2352 1056 2411; x_wconf 87' lang='lat' dir='ltr'>ad</span> <span class='ocrx_word' id='word_1_203' title='bbox 1074 2353 1196 2411; x_wconf 88' lang='lat' dir='ltr'>salutem</span> 
     </span>
     <span class='ocr_line' id='line_1_26' title="bbox 214 2438 1196 2517; baseline -0.004 -20"><span class='ocrx_word' id='word_1_204' title='bbox 214 2451 338 2499; x_wconf 85' lang='lat' dir='ltr'>vestram</span> <span class='ocrx_word' id='word_1_205' title='bbox 358 2452 388 2499; x_wconf 84' lang='lat' dir='ltr'>et</span> <span class='ocrx_word' id='word_1_206' title='bbox 406 2442 543 2511; x_wconf 90' lang='lat' dir='ltr'>scientes,</span> <span class='ocrx_word' id='word_1_207' title='bbox 565 2439 639 2517; x_wconf 91' lang='lat' dir='ltr'>quod</span> <span class='ocrx_word' id='word_1_208' title='bbox 658 2441 719 2497; x_wconf 85' lang='lat' dir='ltr'>sire</span> <span class='ocrx_word' id='word_1_209' title='bbox 741 2440 836 2496; x_wconf 88' lang='lat' dir='ltr'>honor</span> <span class='ocrx_word' id='word_1_210' title='bbox 852 2440 913 2496; x_wconf 86' lang='lat' dir='ltr'>sive</span> <span class='ocrx_word' id='word_1_211' title='bbox 935 2439 1039 2498; x_wconf 85' lang='lat' dir='ltr'>iniuria</span> <span class='ocrx_word' id='word_1_212' title='bbox 1065 2455 1139 2515; x_wconf 87' lang='lat' dir='ltr'>quae</span> <span class='ocrx_word' id='word_1_213' title='bbox 1167 2438 1196 2494; x_wconf 93' lang='lat' dir='ltr'>ei</span> 
     </span>
     <span class='ocr_line' id='line_1_27' title="bbox 216 2520 1196 2595; baseline -0.003 -14"><span class='ocrx_word' id='word_1_214' title='bbox 216 2524 356 2595; x_wconf 81' lang='lat' dir='ltr'>defertur,</span> <span class='ocrx_word' id='word_1_215' title='bbox 378 2524 414 2582; x_wconf 90' lang='lat' dir='ltr'>ad</span> <span class='ocrx_word' id='word_1_216' title='bbox 433 2524 577 2582; x_wconf 85' lang='lat' dir='ltr'>Christum</span> <span class='ocrx_word' id='word_1_217' title='bbox 595 2524 738 2582; x_wconf 84' lang='lat' dir='ltr'>redundat</span> <span class='ocrx_word' id='word_1_218' title='bbox 756 2535 786 2582; x_wconf 90' lang='lat' dir='ltr'>et</span> <span class='ocrx_word' id='word_1_219' title='bbox 804 2544 821 2580; x_wconf 85' lang='lat' dir='ltr'>a</span> <span class='ocrx_word' id='word_1_220' title='bbox 839 2523 953 2580; x_wconf 86' lang='lat' dir='ltr'>Christo</span> <span class='ocrx_word' id='word_1_221' title='bbox 972 2520 1113 2581; x_wconf 85' lang='lat' dir='ltr'>addeum.</span> <span class='ocrx_word' id='word_1_222' title='bbox 1134 2520 1196 2578; x_wconf 83' lang='lat' dir='ltr'>Au-</span> 
     </span>
     <span class='ocr_line' id='line_1_28' title="bbox 216 2605 1194 2686; baseline -0.003 -21"><span class='ocrx_word' id='word_1_223' title='bbox 216 2608 274 2666; x_wconf 87' lang='lat' dir='ltr'>dite</span> <span class='ocrx_word' id='word_1_224' title='bbox 293 2628 364 2685; x_wconf 84' lang='lat' dir='ltr'>ergo</span> <span class='ocrx_word' id='word_1_225' title='bbox 384 2628 447 2667; x_wconf 91' lang='lat' dir='ltr'>eum</span> <span class='ocrx_word' id='word_1_226' title='bbox 466 2610 600 2667; x_wconf 88' lang='lat' dir='ltr'>attentius</span> <span class='ocrx_word' id='word_1_227' title='bbox 620 2620 650 2667; x_wconf 88' lang='lat' dir='ltr'>et</span> <span class='ocrx_word' id='word_1_228' title='bbox 667 2610 702 2666; x_wconf 95' lang='lat' dir='ltr'>ab</span> <span class='ocrx_word' id='word_1_229' title='bbox 721 2611 784 2686; x_wconf 90' lang='lat' dir='ltr'>ipso</span> <span class='ocrx_word' id='word_1_230' title='bbox 793 2609 930 2685; x_wconf 85' lang='lat' dir='ltr'>suscipite</span> <span class='ocrx_word' id='word_1_231' title='bbox 945 2605 1194 2676; x_wconf 80' lang='lat' dir='ltr'>doctrinamlldei,</span> 
     </span>
     <span class='ocr_line' id='line_1_29' title="bbox 215 2689 1197 2772; baseline -0.001 -23"><span class='ocrx_word' id='word_1_232' title='bbox 215 2694 321 2750; x_wconf 91' lang='lat' dir='ltr'>monita</span> <span class='ocrx_word' id='word_1_233' title='bbox 339 2704 433 2750; x_wconf 89' lang='lat' dir='ltr'>autem</span> <span class='ocrx_word' id='word_1_234' title='bbox 451 2695 527 2753; x_wconf 90' lang='lat' dir='ltr'>vitae</span> <span class='ocrx_word' id='word_1_235' title='bbox 545 2714 562 2753; x_wconf 85' lang='lat' dir='ltr'>a</span> <span class='ocrx_word' id='word_1_236' title='bbox 579 2693 769 2772; x_wconf 81' lang='lat' dir='ltr'>presbyteris,</span> <span class='ocrx_word' id='word_1_237' title='bbox 799 2713 815 2750; x_wconf 90' lang='lat' dir='ltr'>a</span> <span class='ocrx_word' id='word_1_238' title='bbox 843 2691 1010 2749; x_wconf 88' lang='lat' dir='ltr'>diaconibus</span> <span class='ocrx_word' id='word_1_239' title='bbox 1026 2710 1098 2749; x_wconf 82' lang='lat' dir='ltr'>vern</span> <span class='ocrx_word' id='word_1_240' title='bbox 1116 2689 1197 2748; x_wconf 68' lang='lat' dir='ltr'>ordi⁴</span> 
     </span>
     <span class='ocr_line' id='line_1_30' title="bbox 215 2775 1197 2854; baseline 0 -21"><span class='ocrx_word' id='word_1_241' title='bbox 215 2796 279 2834; x_wconf 89' lang='lat' dir='ltr'>nem</span> <span class='ocrx_word' id='word_1_242' title='bbox 299 2775 478 2854; x_wconf 89' lang='lat' dir='ltr'>disciplinae.</span> <span class='ocrx_word' id='word_1_243' title='bbox 525 2778 680 2837; x_wconf 90' lang='lat' dir='ltr'>Viduarum</span> <span class='ocrx_word' id='word_1_244' title='bbox 700 2778 864 2854; x_wconf 80' lang='lat' dir='ltr'>religiosam</span> <span class='ocrx_word' id='word_1_245' title='bbox 883 2796 979 2835; x_wconf 89' lang='lat' dir='ltr'>curam</span> <span class='ocrx_word' id='word_1_246' title='bbox 1006 2777 1114 2853; x_wconf 76' lang='lat' dir='ltr'>gerite,</span> <span class='ocrx_word' id='word_1_247' title='bbox 1143 2795 1197 2853; x_wconf 71' lang='lat' dir='ltr'>pu·⁴</span> 
     </span>
     <span class='ocr_line' id='line_1_31' title="bbox 215 2859 1196 2940; baseline -0.001 -23"><span class='ocrx_word' id='word_1_248' title='bbox 215 2862 300 2939; x_wconf 91' lang='lat' dir='ltr'>pillos</span> <span class='ocrx_word' id='word_1_249' title='bbox 319 2863 429 2919; x_wconf 87' lang='lat' dir='ltr'>enixius</span> <span class='ocrx_word' id='word_1_250' title='bbox 449 2865 554 2933; x_wconf 87' lang='lat' dir='ltr'>iuvate,</span> <span class='ocrx_word' id='word_1_251' title='bbox 575 2862 747 2940; x_wconf 91' lang='lat' dir='ltr'>pauperibus</span> <span class='ocrx_word' id='word_1_252' title='bbox 765 2859 991 2919; x_wconf 83' lang='lat' dir='ltr'>misericordiam</span> <span class='ocrx_word' id='word_1_253' title='bbox 1019 2862 1122 2930; x_wconf 81' lang='lat' dir='ltr'>facite,</span> <span class='ocrx_word' id='word_1_254' title='bbox 1151 2861 1196 2916; x_wconf 89' lang='lat' dir='ltr'>iu-</span> 
     </span>
     <span class='ocr_line' id='line_1_32' title="bbox 214 2943 1196 3025; baseline -0.002 -22"><span class='ocrx_word' id='word_1_255' title='bbox 214 2964 304 3004; x_wconf 87' lang='lat' dir='ltr'>venes</span> <span class='ocrx_word' id='word_1_256' title='bbox 321 2946 485 3025; x_wconf 88' lang='lat' dir='ltr'>pudicitiam</span> <span class='ocrx_word' id='word_1_257' title='bbox 504 2947 620 3018; x_wconf 84' lang='lat' dir='ltr'>docete,</span> <span class='ocrx_word' id='word_1_258' title='bbox 642 2958 673 3004; x_wconf 88' lang='lat' dir='ltr'>et</span> <span class='ocrx_word' id='word_1_259' title='bbox 689 2958 721 3003; x_wconf 91' lang='lat' dir='ltr'>ut</span> <span class='ocrx_word' id='word_1_260' title='bbox 739 2946 867 3003; x_wconf 86' lang='lat' dir='ltr'>breviter</span> <span class='ocrx_word' id='word_1_261' title='bbox 883 2955 973 3003; x_wconf 84' lang='lat' dir='ltr'>totum</span> <span class='ocrx_word' id='word_1_262' title='bbox 991 2943 1101 3014; x_wconf 88' lang='lat' dir='ltr'>dicam,</span> <span class='ocrx_word' id='word_1_263' title='bbox 1121 2945 1196 3001; x_wconf 87' lang='lat' dir='ltr'>alte·</span> 
     </span>
     <span class='ocr_line' id='line_1_33' title="bbox 215 3027 1197 3110; baseline -0.003 -23"><span class='ocrx_word' id='word_1_264' title='bbox 215 3042 321 3089; x_wconf 88' lang='lat' dir='ltr'>rutrum</span> <span class='ocrx_word' id='word_1_265' title='bbox 341 3051 391 3090; x_wconf 92' lang='lat' dir='ltr'>vos</span> <span class='ocrx_word' id='word_1_266' title='bbox 410 3034 438 3089; x_wconf 89' lang='lat' dir='ltr'>ia</span> <span class='ocrx_word' id='word_1_267' title='bbox 458 3031 556 3110; x_wconf 89' lang='lat' dir='ltr'>quibus</span> <span class='ocrx_word' id='word_1_268' title='bbox 575 3050 622 3091; x_wconf 88' lang='lat' dir='ltr'>res</span> <span class='ocrx_word' id='word_1_269' title='bbox 640 3032 808 3109; x_wconf 86' lang='lat' dir='ltr'>poposcerit</span> <span class='ocrx_word' id='word_1_270' title='bbox 820 3040 994 3089; x_wconf 86' lang='lat' dir='ltr'>sustentate.</span> <span class='ocrx_word' id='word_1_271' title='bbox 1041 3027 1132 3086; x_wconf 83' lang='lat' dir='ltr'>Deum</span> <span class='ocrx_word' id='word_1_272' title='bbox 1144 3047 1197 3085; x_wconf 82' lang='lat' dir='ltr'>co-</span> 
     </span>
     <span class='ocr_line' id='line_1_34' title="bbox 214 3111 1196 3195; baseline -0.004 -22"><span class='ocrx_word' id='word_1_273' title='bbox 214 3116 265 3173; x_wconf 91' lang='lat' dir='ltr'>lite</span> <span class='ocrx_word' id='word_1_274' title='bbox 284 3118 330 3195; x_wconf 87' lang='lat' dir='ltr'>qui</span> <span class='ocrx_word' id='word_1_275' title='bbox 350 3118 459 3175; x_wconf 88' lang='lat' dir='ltr'>creavit</span> <span class='ocrx_word' id='word_1_276' title='bbox 478 3117 588 3175; x_wconf 88' lang='lat' dir='ltr'>coelum</span> <span class='ocrx_word' id='word_1_277' title='bbox 607 3127 637 3175; x_wconf 90' lang='lat' dir='ltr'>et</span> <span class='ocrx_word' id='word_1_278' title='bbox 655 3128 772 3185; x_wconf 89' lang='lat' dir='ltr'>terram,</span> <span class='ocrx_word' id='word_1_279' title='bbox 794 3115 910 3173; x_wconf 81' lang='lat' dir='ltr'>Christo</span> <span class='ocrx_word' id='word_1_280' title='bbox 928 3111 1050 3183; x_wconf 84' lang='lat' dir='ltr'>credite,</span> <span class='ocrx_word' id='word_1_281' title='bbox 1072 3114 1196 3171; x_wconf 88' lang='lat' dir='ltr'>invicem</span> 
     </span>
     <span class='ocr_line' id='line_1_35' title="bbox 215 3196 1196 3278; baseline -0.002 -21"><span class='ocrx_word' id='word_1_282' title='bbox 215 3199 338 3278; x_wconf 86' lang='lat' dir='ltr'>dlligite,</span> <span class='ocrx_word' id='word_1_283' title='bbox 359 3200 563 3259; x_wconf 89' lang='lat' dir='ltr'>misericordes</span> <span class='ocrx_word' id='word_1_284' title='bbox 581 3212 676 3260; x_wconf 88' lang='lat' dir='ltr'>estote</span> <span class='ocrx_word' id='word_1_285' title='bbox 694 3200 730 3258; x_wconf 92' lang='lat' dir='ltr'>ad</span> <span class='ocrx_word' id='word_1_286' title='bbox 749 3218 858 3270; x_wconf 85' lang='lat' dir='ltr'>omnes,</span> <span class='ocrx_word' id='word_1_287' title='bbox 878 3218 936 3256; x_wconf 89' lang='lat' dir='ltr'>uon</span> <span class='ocrx_word' id='word_1_288' title='bbox 953 3197 1043 3257; x_wconf 86' lang='lat' dir='ltr'>verbo</span> <span class='ocrx_word' id='word_1_289' title='bbox 1061 3198 1124 3276; x_wconf 80' lang='lat' dir='ltr'>solo</span> <span class='ocrx_word' id='word_1_290' title='bbox 1142 3196 1196 3255; x_wconf 86' lang='lat' dir='ltr'>sed</span> 
     </span>
     <span class='ocr_line' id='line_1_36' title="bbox 205 3286 917 3364; baseline -0.006 -20"><span class='ocrx_word' id='word_1_291' title='bbox 205 3296 245 3344; x_wconf 83' lang='lat' dir='ltr'>¹et</span> <span class='ocrx_word' id='word_1_292' title='bbox 268 3304 356 3363; x_wconf 88' lang='lat' dir='ltr'>opere</span> <span class='ocrx_word' id='word_1_293' title='bbox 376 3297 406 3343; x_wconf 90' lang='lat' dir='ltr'>et</span> <span class='ocrx_word' id='word_1_294' title='bbox 424 3286 509 3343; x_wconf 88' lang='lat' dir='ltr'>rebus</span> <span class='ocrx_word' id='word_1_295' title='bbox 532 3287 648 3364; x_wconf 89' lang='lat' dir='ltr'>implete</span> <span class='ocrx_word' id='word_1_296' title='bbox 668 3286 848 3360; x_wconf 49' lang='lat' dir='ltr'>caritatem„</span> <span class='ocrx_word' id='word_1_297' title='bbox 914 3328 917 3331; x_wconf 76' lang='grc'><strong>.</strong></span> 
     </span>
    </p>

    <p class='ocr_par' dir='ltr' id='par_1_10' title="bbox 215 3366 1197 3868">
     <span class='ocr_line' id='line_1_37' title="bbox 257 3366 1196 3446; baseline -0.004 -20"><span class='ocrx_word' id='word_1_298' title='bbox 257 3366 313 3428; x_wconf 84' lang='grc'>67.</span> <span class='ocrx_word' id='word_1_299' title='bbox 360 3368 478 3427; x_wconf 83' lang='lat' dir='ltr'>Etcum</span> <span class='ocrx_word' id='word_1_300' title='bbox 505 3371 576 3428; x_wconf 87' lang='lat' dir='ltr'>haec</span> <span class='ocrx_word' id='word_1_301' title='bbox 604 3380 689 3446; x_wconf 89' lang='lat' dir='ltr'>atque</span> <span class='ocrx_word' id='word_1_302' title='bbox 716 3369 759 3426; x_wconf 93' lang='lat' dir='ltr'>bis</span> <span class='ocrx_word' id='word_1_303' title='bbox 778 3368 880 3425; x_wconf 89' lang='lat' dir='ltr'>similia</span> <span class='ocrx_word' id='word_1_304' title='bbox 898 3368 1106 3445; x_wconf 82' lang='lat' dir='ltr'>praecepisset,</span> <span class='ocrx_word' id='word_1_305' title='bbox 1126 3385 1196 3443; x_wconf 89' lang='lat' dir='ltr'>pro·</span> 
     </span>
     <span class='ocr_line' id='line_1_38' title="bbox 215 3451 1196 3531; baseline -0.003 -21"><span class='ocrx_word' id='word_1_306' title='bbox 215 3455 358 3512; x_wconf 81' lang='lat' dir='ltr'>nunciavit</span> <span class='ocrx_word' id='word_1_307' title='bbox 376 3454 410 3513; x_wconf 93' lang='lat' dir='ltr'>ad</span> <span class='ocrx_word' id='word_1_308' title='bbox 430 3455 562 3531; x_wconf 89' lang='lat' dir='ltr'>populum</span> <span class='ocrx_word' id='word_1_309' title='bbox 581 3452 697 3511; x_wconf 87' lang='lat' dir='ltr'>diceus:</span> <span class='ocrx_word' id='word_1_310' title='bbox 717 3453 855 3523; x_wconf 77' lang='lat' dir='ltr'>Quoniam</span> <span class='ocrx_word' id='word_1_311' title='bbox 882 3462 942 3513; x_wconf 84' lang='lat' dir='ltr'>tres</span> <span class='ocrx_word' id='word_1_312' title='bbox 969 3470 1082 3509; x_wconf 87' lang='lat' dir='ltr'>menses</span> <span class='ocrx_word' id='word_1_313' title='bbox 1109 3451 1196 3509; x_wconf 84' lang='lat' dir='ltr'>statui</span> 
     </span>
     <span class='ocr_line' id='line_1_39' title="bbox 215 3536 1197 3615; baseline -0.004 -20"><span class='ocrx_word' id='word_1_314' title='bbox 215 3540 314 3596; x_wconf 84' lang='lat' dir='ltr'>lacere</span> <span class='ocrx_word' id='word_1_315' title='bbox 333 3538 494 3608; x_wconf 86' lang='lat' dir='ltr'>vobiscum,</span> <span class='ocrx_word' id='word_1_316' title='bbox 516 3540 539 3596; x_wconf 88' lang='lat' dir='ltr'>si</span> <span class='ocrx_word' id='word_1_317' title='bbox 559 3538 619 3615; x_wconf 89' lang='lat' dir='ltr'>quis</span> <span class='ocrx_word' id='word_1_318' title='bbox 638 3548 761 3595; x_wconf 88' lang='lat' dir='ltr'>vestrum</span> <span class='ocrx_word' id='word_1_319' title='bbox 781 3536 937 3606; x_wconf 87' lang='lat' dir='ltr'>desiderat,</span> <span class='ocrx_word' id='word_1_320' title='bbox 959 3536 1135 3613; x_wconf 88' lang='lat' dir='ltr'>baptizetur,</span> <span class='ocrx_word' id='word_1_321' title='bbox 1164 3544 1197 3592; x_wconf 92' lang='lat' dir='ltr'>ut</span> 
     </span>
     <span class='ocr_line' id='line_1_40' title="bbox 216 3619 1197 3701; baseline -0.004 -22"><span class='ocrx_word' id='word_1_322' title='bbox 216 3634 316 3681; x_wconf 87' lang='lat' dir='ltr'>exutus</span> <span class='ocrx_word' id='word_1_323' title='bbox 334 3622 477 3701; x_wconf 89' lang='lat' dir='ltr'>prioribus</span> <span class='ocrx_word' id='word_1_324' title='bbox 496 3622 586 3689; x_wconf 71' lang='lat' dir='ltr'>malm,</span> <span class='ocrx_word' id='word_1_325' title='bbox 608 3620 643 3678; x_wconf 89' lang='lat' dir='ltr'>dc</span> <span class='ocrx_word' id='word_1_326' title='bbox 662 3622 772 3699; x_wconf 89' lang='lat' dir='ltr'>reliquo</span> <span class='ocrx_word' id='word_1_327' title='bbox 790 3641 843 3698; x_wconf 90' lang='lat' dir='ltr'>pro</span> <span class='ocrx_word' id='word_1_328' title='bbox 862 3621 944 3679; x_wconf 91' lang='lat' dir='ltr'>bonis</span> <span class='ocrx_word' id='word_1_329' title='bbox 961 3620 1072 3678; x_wconf 89' lang='lat' dir='ltr'>actibus</span> <span class='ocrx_word' id='word_1_330' title='bbox 1090 3619 1197 3676; x_wconf 87' lang='lat' dir='ltr'>haeres</span> 
     </span>
     <span class='ocr_line' id='line_1_41' title="bbox 215 3703 1196 3784; baseline -0.005 -20"><span class='ocrx_word' id='word_1_331' title='bbox 215 3706 353 3773; x_wconf 78' lang='lat' dir='ltr'>bonerum</span> <span class='ocrx_word' id='word_1_332' title='bbox 373 3704 539 3763; x_wconf 86' lang='lat' dir='ltr'>coelestium</span> <span class='ocrx_word' id='word_1_333' title='bbox 559 3724 596 3763; x_wconf 87' lang='lat' dir='ltr'>ex</span> <span class='ocrx_word' id='word_1_334' title='bbox 614 3706 704 3783; x_wconf 86' lang='lat' dir='ltr'>gestis</span> <span class='ocrx_word' id='word_1_335' title='bbox 722 3706 845 3784; x_wconf 90' lang='lat' dir='ltr'>propriis</span> <span class='ocrx_word' id='word_1_336' title='bbox 865 3705 924 3777; x_wconf 83' lang='lat' dir='ltr'>liat.</span> <span class='ocrx_word' id='word_1_337' title='bbox 971 3703 1103 3763; x_wconf 86' lang='lat' dir='ltr'>Accedat</span> <span class='ocrx_word' id='word_1_338' title='bbox 1121 3722 1196 3779; x_wconf 83' lang='lat' dir='ltr'>ergo</span> 
     </span>
     <span class='ocr_line' id='line_1_42' title="bbox 216 3786 1196 3868; baseline -0.003 -21"><span class='ocrx_word' id='word_1_339' title='bbox 216 3792 338 3868; x_wconf 83' lang='lat' dir='ltr'>quivult</span> <span class='ocrx_word' id='word_1_340' title='bbox 357 3790 392 3847; x_wconf 88' lang='lat' dir='ltr'>ad</span> <span class='ocrx_word' id='word_1_341' title='bbox 409 3790 599 3861; x_wconf 79' lang='lat' dir='ltr'>zacchaeum,</span> <span class='ocrx_word' id='word_1_342' title='bbox 620 3802 650 3849; x_wconf 90' lang='lat' dir='ltr'>et</span> <span class='ocrx_word' id='word_1_343' title='bbox 668 3792 722 3868; x_wconf 91' lang='lat' dir='ltr'>ipsi</span> <span class='ocrx_word' id='word_1_344' title='bbox 741 3788 791 3847; x_wconf 89' lang='lat' dir='ltr'>det</span> <span class='ocrx_word' id='word_1_345' title='bbox 807 3808 910 3848; x_wconf 89' lang='lat' dir='ltr'>nomen</span> <span class='ocrx_word' id='word_1_346' title='bbox 929 3809 1024 3858; x_wconf 91' lang='lat' dir='ltr'>suum,</span> <span class='ocrx_word' id='word_1_347' title='bbox 1045 3799 1129 3865; x_wconf 90' lang='lat' dir='ltr'>atque</span> <span class='ocrx_word' id='word_1_348' title='bbox 1159 3786 1196 3844; x_wconf 90' lang='lat' dir='ltr'>ab</span> 
     </span>
    </p>

    <p class='ocr_par' dir='ltr' id='par_1_11' title="bbox 132 3870 1311 3953">
     <span class='ocr_line' id='line_1_43' title="bbox 132 3870 1311 3953; baseline -0.002 -22"><span class='ocrx_word' id='word_1_349' title='bbox 132 3914 151 3947; x_wconf 76' lang='grc'><strong>.</strong></span> <span class='ocrx_word' id='word_1_350' title='bbox 216 3894 252 3931; x_wconf 87' lang='lat' dir='ltr'>eo</span> <span class='ocrx_word' id='word_1_351' title='bbox 271 3874 368 3931; x_wconf 90' lang='lat' dir='ltr'>audiat</span> <span class='ocrx_word' id='word_1_352' title='bbox 385 3874 521 3950; x_wconf 83' lang='lat' dir='ltr'>mysteria</span> <span class='ocrx_word' id='word_1_353' title='bbox 539 3876 623 3953; x_wconf 87' lang='lat' dir='ltr'>regni</span> <span class='ocrx_word' id='word_1_354' title='bbox 651 3876 808 3933; x_wconf 87' lang='lat' dir='ltr'>coelorum.</span> <span class='ocrx_word' id='word_1_355' title='bbox 855 3873 971 3932; x_wconf 90' lang='lat' dir='ltr'>Ieiuniis</span> <span class='ocrx_word' id='word_1_356' title='bbox 998 3870 1208 3951; x_wconf 81' lang='lat' dir='ltr'>frequentibus</span> <span class='ocrx_word' id='word_1_357' title='bbox 1310 3917 1311 3920; x_wconf 62' lang='lat'>,</span> 
     </span>
    </p>
   </div>
   <div class='ocr_carea' id='block_1_4' title="bbox 0 0 1325 4400">
    <p class='ocr_par' dir='ltr' id='par_1_12' title="bbox 0 0 1325 4400">
     <span class='ocr_line' id='line_1_44' title="bbox 0 0 1325 4400; baseline 0 0"><span class='ocrx_word' id='word_1_358' title='bbox 0 0 1325 4400; x_wconf 95' lang='lat' dir='ltr'> </span> 
     </span>
    </p>
   </div>
  </div>
 </body>
</html>
