<?xml version="1.0" encoding="UTF-8"?>
<!DOCTYPE html PUBLIC "-//W3C//DTD XHTML 1.0 Transitional//EN"
    "http://www.w3.org/TR/xhtml1/DTD/xhtml1-transitional.dtd">
<html xmlns="http://www.w3.org/1999/xhtml" xml:lang="en" lang="en">
 <head>
  <title>
</title>
<meta http-equiv="Content-Type" content="text/html;charset=utf-8" />
  <meta name='ocr-system' content='tesseract 3.04.00' />
  <meta name='ocr-capabilities' content='ocr_page ocr_carea ocr_par ocr_line ocrx_word'/>
</head>
<body>
  <div class='ocr_page' id='page_1' title='image "./recognitionesru00gersgoog_0157.png"; bbox 0 0 2634 4400; ppageno 0'>
   <div class='ocr_carea' id='block_1_1' title="bbox 566 292 649 357">
    <p class='ocr_par' dir='ltr' id='par_1_1' title="bbox 566 292 649 357">
     <span class='ocr_line' id='line_1_1' title="bbox 566 292 649 357; baseline 0.06 -5"><span class='ocrx_word' id='word_1_1' title='bbox 566 292 649 357; x_wconf 71' lang='lat' dir='ltr'><strong>&#39;ibt</strong></span> 
     </span>
    </p>
   </div>
   <div class='ocr_carea' id='block_1_2' title="bbox 512 375 726 398">
    <p class='ocr_par' dir='ltr' id='par_1_2' title="bbox 512 375 726 398">
     <span class='ocr_line' id='line_1_2' title="bbox 512 375 726 398; baseline 0 0"><span class='ocrx_word' id='word_1_2' title='bbox 512 375 726 398; x_wconf 46' lang='lat' dir='ltr'><strong>..mk—fi-</strong></span> 
     </span>
    </p>
   </div>
   <div class='ocr_carea' id='block_1_3' title="bbox 123 495 1175 2687">
    <p class='ocr_par' dir='ltr' id='par_1_3' title="bbox 123 495 1110 1090">
     <span class='ocr_line' id='line_1_3' title="bbox 125 495 1110 578; baseline 0.003 -20"><span class='ocrx_word' id='word_1_3' title='bbox 125 503 165 560; x_wconf 89' lang='lat' dir='ltr'><strong>tia</strong></span> <span class='ocrx_word' id='word_1_4' title='bbox 183 500 358 559; x_wconf 74' lang='lat' dir='ltr'><strong>interissem.</strong></span> <span class='ocrx_word' id='word_1_5' title='bbox 392 497 460 556; x_wconf 81' lang='lat' dir='ltr'><strong>Tum</strong></span> <span class='ocrx_word' id='word_1_6' title='bbox 480 495 598 558; x_wconf 85' lang='lat' dir='ltr'><strong>Petrus:</strong></span> <span class='ocrx_word' id='word_1_7' title='bbox 618 496 656 556; x_wconf 80' lang='lat' dir='ltr'><strong>m</strong></span> <span class='ocrx_word' id='word_1_8' title='bbox 674 496 741 578; x_wconf 84' lang='lat' dir='ltr'><strong>quid</strong></span> <span class='ocrx_word' id='word_1_9' title='bbox 760 499 820 570; x_wconf 85' lang='lat' dir='ltr'><strong>fiet,</strong></span> <span class='ocrx_word' id='word_1_10' title='bbox 841 499 943 578; x_wconf 85' lang='lat' dir='ltr'><strong>inquit,</strong></span> <span class='ocrx_word' id='word_1_11' title='bbox 961 501 988 558; x_wconf 87' lang='lat' dir='ltr'><strong>si</strong></span> <span class='ocrx_word' id='word_1_12' title='bbox 1006 519 1110 561; x_wconf 84' lang='lat' dir='ltr'><strong>neces·</strong></span> 
     </span>
     <span class='ocr_line' id='line_1_4' title="bbox 123 583 1109 663; baseline 0.001 -18"><span class='ocrx_word' id='word_1_13' title='bbox 123 589 194 645; x_wconf 87' lang='lat' dir='ltr'><strong>situs</strong></span> <span class='ocrx_word' id='word_1_14' title='bbox 214 585 349 662; x_wconf 80' lang='lat' dir='ltr'>exegerit</span> <span class='ocrx_word' id='word_1_15' title='bbox 366 584 439 642; x_wconf 88' lang='lat' dir='ltr'><strong>mitti</strong></span> <span class='ocrx_word' id='word_1_16' title='bbox 458 594 487 642; x_wconf 89' lang='lat' dir='ltr'><strong>te</strong></span> <span class='ocrx_word' id='word_1_17' title='bbox 505 583 600 662; x_wconf 75' lang='lat' dir='ltr'><strong>aliquo</strong></span> <span class='ocrx_word' id='word_1_18' title='bbox 620 583 769 643; x_wconf 86' lang='lat' dir='ltr'><strong>doetrinae</strong></span> <span class='ocrx_word' id='word_1_19' title='bbox 788 586 893 662; x_wconf 73' lang='lat' dir='ltr'><strong>gratia,</strong></span> <span class='ocrx_word' id='word_1_20' title='bbox 923 597 1074 663; x_wconf 83' lang='lat' dir='ltr'><strong>separatus</strong></span> <span class='ocrx_word' id='word_1_21' title='bbox 1090 605 1109 645; x_wconf 81' lang='lat' dir='ltr'><strong>a</strong></span> 
     </span>
     <span class='ocr_line' id='line_1_5' title="bbox 123 650 1109 749; baseline 0 -17"><span class='ocrx_word' id='word_1_22' title='bbox 123 691 169 732; x_wconf 84' lang='lat' dir='ltr'><strong>me</strong></span> <span class='ocrx_word' id='word_1_23' title='bbox 188 689 243 749; x_wconf 89' lang='lat' dir='ltr'><strong>pro</strong></span> <span class='ocrx_word' id='word_1_24' title='bbox 261 671 385 729; x_wconf 84' lang='lat' dir='ltr'><strong>utilitate</strong></span> <span class='ocrx_word' id='word_1_25' title='bbox 403 668 554 728; x_wconf 77' lang='lat' dir='ltr'><strong>morieris?</strong></span> <span class='ocrx_word' id='word_1_26' title='bbox 577 650 631 727; x_wconf 76' lang='lat' dir='ltr'><strong>nbc</strong></span> <span class='ocrx_word' id='word_1_27' title='bbox 659 668 826 748; x_wconf 77' lang='lat' dir='ltr'><strong>tibimetipsi</strong></span> <span class='ocrx_word' id='word_1_28' title='bbox 851 669 1004 748; x_wconf 83' lang='lat' dir='ltr'><strong>imperabis</strong></span> <span class='ocrx_word' id='word_1_29' title='bbox 1029 672 1109 733; x_wconf 79' lang='lat' dir='ltr'><strong>terre</strong></span> 
     </span>
     <span class='ocr_line' id='line_1_6' title="bbox 123 754 1109 835; baseline -0.001 -21"><span class='ocrx_word' id='word_1_30' title='bbox 123 759 271 835; x_wconf 76' lang='lat' dir='ltr'><strong>patienter</strong></span> <span class='ocrx_word' id='word_1_31' title='bbox 285 771 358 832; x_wconf 87' lang='lat' dir='ltr'><strong>quae</strong></span> <span class='ocrx_word' id='word_1_32' title='bbox 369 755 529 812; x_wconf 80' lang='lat' dir='ltr'><strong>necessitas</strong></span> <span class='ocrx_word' id='word_1_33' title='bbox 539 754 725 832; x_wconf 79' lang='lat' dir='ltr'><strong>imposuerit?</strong></span> <span class='ocrx_word' id='word_1_34' title='bbox 742 764 791 812; x_wconf 91' lang='lat' dir='ltr'><strong>aut</strong></span> <span class='ocrx_word' id='word_1_35' title='bbox 800 756 929 832; x_wconf 84' lang='lat' dir='ltr'><strong>ignoras,</strong></span> <span class='ocrx_word' id='word_1_36' title='bbox 943 756 1109 834; x_wconf 56' lang='lat' dir='ltr'><strong>„quiaantci</strong></span> 
     </span>
     <span class='ocr_line' id='line_1_7' title="bbox 123 839 1109 920; baseline -0.001 -21"><span class='ocrx_word' id='word_1_37' title='bbox 123 859 240 920; x_wconf 86' lang='lat' dir='ltr'><strong>semper</strong></span> <span class='ocrx_word' id='word_1_38' title='bbox 258 840 339 898; x_wconf 88' lang='lat' dir='ltr'><strong>simul</strong></span> <span class='ocrx_word' id='word_1_39' title='bbox 358 849 433 910; x_wconf 83' lang='lat' dir='ltr'><strong>sunt,</strong></span> <span class='ocrx_word' id='word_1_40' title='bbox 455 849 485 898; x_wconf 93' lang='lat' dir='ltr'><strong>et</strong></span> <span class='ocrx_word' id='word_1_41' title='bbox 503 839 573 897; x_wconf 90' lang='lat' dir='ltr'><strong>lieet</strong></span> <span class='ocrx_word' id='word_1_42' title='bbox 591 839 762 917; x_wconf 89' lang='lat' dir='ltr'><strong>corporibus</strong></span> <span class='ocrx_word' id='word_1_43' title='bbox 781 850 954 918; x_wconf 81' lang='lat' dir='ltr'><strong>separentur</strong></span> <span class='ocrx_word' id='word_1_44' title='bbox 969 842 1109 899; x_wconf 89' lang='lat' dir='ltr'><strong>memoria</strong></span> 
     </span>
     <span class='ocr_line' id='line_1_8' title="bbox 123 925 1109 1004; baseline 0 -20"><span class='ocrx_word' id='word_1_45' title='bbox 123 937 222 984; x_wconf 85' lang='lat' dir='ltr'><strong>tamen</strong></span> <span class='ocrx_word' id='word_1_46' title='bbox 240 927 413 1001; x_wconf 80' lang='lat' dir='ltr'><strong>iunguntur?</strong></span> <span class='ocrx_word' id='word_1_47' title='bbox 432 925 506 984; x_wconf 87' lang='lat' dir='ltr'><strong>sieut</strong></span> <span class='ocrx_word' id='word_1_48' title='bbox 524 943 540 984; x_wconf 88' lang='lat' dir='ltr'><strong>e</strong></span> <span class='ocrx_word' id='word_1_49' title='bbox 560 926 708 982; x_wconf 88' lang='lat' dir='ltr'><strong>contrario</strong></span> <span class='ocrx_word' id='word_1_50' title='bbox 726 925 854 984; x_wconf 81' lang='lat' dir='ltr'><strong>nonnulli</strong></span> <span class='ocrx_word' id='word_1_51' title='bbox 872 925 1042 1004; x_wconf 89' lang='lat' dir='ltr'><strong>corporibus</strong></span> <span class='ocrx_word' id='word_1_52' title='bbox 1054 943 1109 984; x_wconf 86' lang='lat' dir='ltr'><strong>nna</strong></span> 
     </span>
     <span class='ocr_line' id='line_1_9' title="bbox 124 1007 538 1090; baseline -0.002 -20"><span class='ocrx_word' id='word_1_53' title='bbox 124 1012 225 1090; x_wconf 89' lang='lat' dir='ltr'><strong>positi,</strong></span> <span class='ocrx_word' id='word_1_54' title='bbox 246 1011 347 1068; x_wconf 86' lang='lat' dir='ltr'><strong>animis</strong></span> <span class='ocrx_word' id='word_1_55' title='bbox 366 1007 538 1069; x_wconf 85' lang='lat' dir='ltr'><strong>dividuntur.</strong></span> 
     </span>
    </p>

    <p class='ocr_par' dir='ltr' id='par_1_4' title="bbox 124 1094 1175 2687">
     <span class='ocr_line' id='line_1_10' title="bbox 166 1094 1110 1175; baseline 0.002 -21"><span class='ocrx_word' id='word_1_56' title='bbox 166 1094 201 1154; x_wconf 73' lang='grc' dir='ltr'><strong>ὅ.</strong></span> <span class='ocrx_word' id='word_1_57' title='bbox 248 1095 287 1153; x_wconf 85' lang='lat' dir='ltr'><strong>Et</strong></span> <span class='ocrx_word' id='word_1_58' title='bbox 304 1115 360 1172; x_wconf 83' lang='lat' dir='ltr'><strong>ego</strong></span> <span class='ocrx_word' id='word_1_59' title='bbox 379 1094 532 1173; x_wconf 85' lang='lat' dir='ltr'><strong>respondi:</strong></span> <span class='ocrx_word' id='word_1_60' title='bbox 553 1116 609 1155; x_wconf 92' lang='lat' dir='ltr'><strong>nou</strong></span> <span class='ocrx_word' id='word_1_61' title='bbox 628 1107 712 1175; x_wconf 88' lang='lat' dir='ltr'><strong>putes</strong></span> <span class='ocrx_word' id='word_1_62' title='bbox 729 1099 768 1155; x_wconf 89' lang='lat' dir='ltr'><strong>mi</strong></span> <span class='ocrx_word' id='word_1_63' title='bbox 786 1096 911 1169; x_wconf 88' lang='lat' dir='ltr'><strong>domiue,</strong></span> <span class='ocrx_word' id='word_1_64' title='bbox 931 1097 1110 1158; x_wconf 84' lang='lat' dir='ltr'><strong>haecmoir·</strong></span> 
     </span>
     <span class='ocr_line' id='line_1_11' title="bbox 124 1179 1109 1262; baseline 0 -21"><span class='ocrx_word' id='word_1_65' title='bbox 124 1179 430 1262; x_wconf 85' lang='lat' dir='ltr'><strong>rationabiliterpati,</strong></span> <span class='ocrx_word' id='word_1_66' title='bbox 460 1179 512 1240; x_wconf 89' lang='lat' dir='ltr'><strong>sed</strong></span> <span class='ocrx_word' id='word_1_67' title='bbox 539 1192 620 1240; x_wconf 88' lang='lat' dir='ltr'><strong>certa</strong></span> <span class='ocrx_word' id='word_1_68' title='bbox 646 1192 678 1240; x_wconf 89' lang='lat' dir='ltr'><strong>et</strong></span> <span class='ocrx_word' id='word_1_69' title='bbox 704 1201 806 1242; x_wconf 86' lang='lat' dir='ltr'><strong>caussa</strong></span> <span class='ocrx_word' id='word_1_70' title='bbox 824 1193 855 1241; x_wconf 87' lang='lat' dir='ltr'><strong>et</strong></span> <span class='ocrx_word' id='word_1_71' title='bbox 871 1185 946 1242; x_wconf 84' lang='lat' dir='ltr'><strong>ratio</strong></span> <span class='ocrx_word' id='word_1_72' title='bbox 964 1195 1010 1242; x_wconf 90' lang='lat' dir='ltr'><strong>est</strong></span> <span class='ocrx_word' id='word_1_73' title='bbox 1024 1185 1109 1244; x_wconf 87' lang='lat' dir='ltr'><strong>buius</strong></span> 
     </span>
     <span class='ocr_line' id='line_1_12' title="bbox 125 1263 1109 1348; baseline 0 -22"><span class='ocrx_word' id='word_1_74' title='bbox 125 1285 199 1344; x_wconf 84' lang='lat' dir='ltr'><strong>erga</strong></span> <span class='ocrx_word' id='word_1_75' title='bbox 217 1277 247 1324; x_wconf 87' lang='lat' dir='ltr'><strong>te</strong></span> <span class='ocrx_word' id='word_1_76' title='bbox 266 1265 386 1325; x_wconf 83' lang='lat' dir='ltr'><strong>affectus</strong></span> <span class='ocrx_word' id='word_1_77' title='bbox 404 1267 471 1324; x_wconf 88' lang='lat' dir='ltr'><strong>mei.</strong></span> <span class='ocrx_word' id='word_1_78' title='bbox 517 1266 558 1325; x_wconf 91' lang='lat' dir='ltr'><strong>Te</strong></span> <span class='ocrx_word' id='word_1_79' title='bbox 578 1267 651 1325; x_wconf 90' lang='lat' dir='ltr'><strong>euim</strong></span> <span class='ocrx_word' id='word_1_80' title='bbox 671 1268 766 1327; x_wconf 84' lang='lat' dir='ltr'><strong>seium·</strong></span> <span class='ocrx_word' id='word_1_81' title='bbox 779 1289 831 1348; x_wconf 90' lang='lat' dir='ltr'><strong>pro</strong></span> <span class='ocrx_word' id='word_1_82' title='bbox 847 1269 975 1327; x_wconf 88' lang='lat' dir='ltr'><strong>omnibns</strong></span> <span class='ocrx_word' id='word_1_83' title='bbox 986 1263 1109 1328; x_wconf 81' lang='lat' dir='ltr'><strong>meisai&#39;·</strong></span> 
     </span>
     <span class='ocr_line' id='line_1_13' title="bbox 125 1351 1110 1433; baseline -0.001 -21"><span class='ocrx_word' id='word_1_84' title='bbox 125 1351 250 1412; x_wconf 81' lang='lat' dir='ltr'><strong>tectibus</strong></span> <span class='ocrx_word' id='word_1_85' title='bbox 268 1351 374 1422; x_wconf 86' lang='lat' dir='ltr'><strong>babeo,</strong></span> <span class='ocrx_word' id='word_1_86' title='bbox 395 1371 448 1428; x_wconf 91' lang='lat' dir='ltr'><strong>pro</strong></span> <span class='ocrx_word' id='word_1_87' title='bbox 467 1361 567 1429; x_wconf 86' lang='lat' dir='ltr'><strong>patre‚·</strong></span> <span class='ocrx_word' id='word_1_88' title='bbox 583 1372 634 1429; x_wconf 89' lang='lat' dir='ltr'><strong>pro</strong></span> <span class='ocrx_word' id='word_1_89' title='bbox 654 1364 757 1423; x_wconf 89' lang='lat' dir='ltr'><strong>matre,</strong></span> <span class='ocrx_word' id='word_1_90' title='bbox 769 1372 830 1430; x_wconf 87' lang='lat' dir='ltr'><strong>pro</strong></span> <span class='ocrx_word' id='word_1_91' title='bbox 849 1353 1001 1427; x_wconf 79' lang='lat' dir='ltr'><strong>fratribus3</strong></span> <span class='ocrx_word' id='word_1_92' title='bbox 1022 1373 1110 1433; x_wconf 91' lang='lat' dir='ltr'><strong>super</strong></span> 
     </span>
     <span class='ocr_line' id='line_1_14' title="bbox 125 1435 1109 1515; baseline 0 -19"><span class='ocrx_word' id='word_1_93' title='bbox 125 1438 199 1496; x_wconf 90' lang='lat' dir='ltr'><strong>baec</strong></span> <span class='ocrx_word' id='word_1_94' title='bbox 218 1447 312 1495; x_wconf 86' lang='lat' dir='ltr'><strong>auteur</strong></span> <span class='ocrx_word' id='word_1_95' title='bbox 341 1438 433 1494; x_wconf 88' lang='lat' dir='ltr'><strong>omnia</strong></span> <span class='ocrx_word' id='word_1_96' title='bbox 453 1446 512 1506; x_wconf 87' lang='lat' dir='ltr'><strong>est,</strong></span> <span class='ocrx_word' id='word_1_97' title='bbox 542 1435 618 1514; x_wconf 87' lang='lat' dir='ltr'><strong>quod</strong></span> <span class='ocrx_word' id='word_1_98' title='bbox 644 1437 713 1494; x_wconf 88' lang='lat' dir='ltr'><strong>mibi</strong></span> <span class='ocrx_word' id='word_1_99' title='bbox 735 1437 835 1496; x_wconf 87' lang='lat' dir='ltr'><strong>salutis</strong></span> <span class='ocrx_word' id='word_1_100' title='bbox 852 1457 953 1496; x_wconf 86' lang='lat' dir='ltr'><strong>caussa</strong></span> <span class='ocrx_word' id='word_1_101' title='bbox 972 1449 1002 1496; x_wconf 89' lang='lat' dir='ltr'><strong>et</strong></span> <span class='ocrx_word' id='word_1_102' title='bbox 1018 1458 1109 1515; x_wconf 85' lang='lat' dir='ltr'><strong>agno-</strong></span> 
     </span>
     <span class='ocr_line' id='line_1_15' title="bbox 125 1519 1109 1581; baseline 0 -1"><span class='ocrx_word' id='word_1_103' title='bbox 125 1519 253 1580; x_wconf 86' lang='lat' dir='ltr'><strong>&#39;sceudae</strong></span> <span class='ocrx_word' id='word_1_104' title='bbox 270 1523 401 1580; x_wconf 87' lang='lat' dir='ltr'><strong>veritatis</strong></span> <span class='ocrx_word' id='word_1_105' title='bbox 421 1531 450 1578; x_wconf 87' lang='lat' dir='ltr'><strong>tu</strong></span> <span class='ocrx_word' id='word_1_106' title='bbox 468 1522 547 1579; x_wconf 83' lang='lat' dir='ltr'><strong>solus</strong></span> <span class='ocrx_word' id='word_1_107' title='bbox 566 1523 692 1581; x_wconf 82' lang='lat' dir='ltr'><strong>exsistis.</strong></span> <span class='ocrx_word' id='word_1_108' title='bbox 740 1519 799 1580; x_wconf 91' lang='lat' dir='ltr'><strong>Sed</strong></span> <span class='ocrx_word' id='word_1_109' title='bbox 824 1532 854 1580; x_wconf 89' lang='lat' dir='ltr'><strong>et</strong></span> <span class='ocrx_word' id='word_1_110' title='bbox 871 1522 941 1580; x_wconf 85' lang='lat' dir='ltr'><strong>iliud</strong></span> <span class='ocrx_word' id='word_1_111' title='bbox 967 1524 1109 1581; x_wconf 80' lang='lat' dir='ltr'><strong>non&#39;mibi</strong></span> 
     </span>
     <span class='ocr_line' id='line_1_16' title="bbox 126 1605 1108 1686; baseline 0.002 -22"><span class='ocrx_word' id='word_1_112' title='bbox 126 1610 154 1665; x_wconf 94' lang='lat' dir='ltr'><strong>in</strong></span> <span class='ocrx_word' id='word_1_113' title='bbox 175 1617 320 1685; x_wconf 87' lang='lat' dir='ltr'><strong>postremo</strong></span> <span class='ocrx_word' id='word_1_114' title='bbox 339 1605 461 1665; x_wconf 87' lang='lat' dir='ltr'><strong>babetur</strong></span> <span class='ocrx_word' id='word_1_115' title='bbox 479 1607 556 1678; x_wconf 85' lang='lat' dir='ltr'><strong>loeo,</strong></span> <span class='ocrx_word' id='word_1_116' title='bbox 568 1605 653 1684; x_wconf 79' lang='lat' dir='ltr'><strong>’quod</strong></span> <span class='ocrx_word' id='word_1_117' title='bbox 676 1607 807 1665; x_wconf 82' lang='lat' dir='ltr'><strong>iuvenilis</strong></span> <span class='ocrx_word' id='word_1_118' title='bbox 825 1616 906 1666; x_wconf 90' lang='lat' dir='ltr'><strong>aetas</strong></span> <span class='ocrx_word' id='word_1_119' title='bbox 925 1627 998 1686; x_wconf 82' lang='lat' dir='ltr'><strong>quae</strong></span> <span class='ocrx_word' id='word_1_120' title='bbox 1016 1608 1044 1665; x_wconf 91' lang='lat' dir='ltr'><strong>iu</strong></span> <span class='ocrx_word' id='word_1_121' title='bbox 1063 1625 1108 1666; x_wconf 81' lang='lat' dir='ltr'><strong>nne</strong></span> 
     </span>
     <span class='ocr_line' id='line_1_17' title="bbox 126 1690 1109 1770; baseline 0.001 -19"><span class='ocrx_word' id='word_1_122' title='bbox 126 1703 183 1764; x_wconf 88' lang='lat' dir='ltr'><strong>est,</strong></span> <span class='ocrx_word' id='word_1_123' title='bbox 205 1690 631 1770; x_wconf 74' lang='lat' dir='ltr'><strong>concupiscentiarum·insidiis</strong></span> <span class='ocrx_word' id='word_1_124' title='bbox 650 1691 791 1763; x_wconf 81' lang='lat' dir='ltr'><strong>subiacet,</strong></span> <span class='ocrx_word' id='word_1_125' title='bbox 813 1703 842 1751; x_wconf 90' lang='lat' dir='ltr'><strong>et</strong></span> <span class='ocrx_word' id='word_1_126' title='bbox 855 1694 1109 1752; x_wconf 88' lang='lat' dir='ltr'><strong>vereorossesine</strong></span> 
     </span>
     <span class='ocr_line' id='line_1_18' title="bbox 126 1777 1109 1856; baseline 0.001 -20"><span class='ocrx_word' id='word_1_127' title='bbox 126 1790 167 1848; x_wconf 83' lang='lat' dir='ltr'><strong>te,</strong></span> <span class='ocrx_word' id='word_1_128' title='bbox 190 1777 273 1836; x_wconf 86' lang='lat' dir='ltr'><strong>cuius</strong></span> <span class='ocrx_word' id='word_1_129' title='bbox 289 1777 533 1854; x_wconf 82' lang='lat' dir='ltr'><strong>solaprae&#39;sentia</strong></span> <span class='ocrx_word' id='word_1_130' title='bbox 552 1778 643 1834; x_wconf 86' lang='lat' dir='ltr'><strong>omnis</strong></span> <span class='ocrx_word' id='word_1_131' title='bbox 662 1777 774 1836; x_wconf 81' lang='lat' dir='ltr'><strong>luxuria</strong></span> <span class='ocrx_word' id='word_1_132' title='bbox 792 1779 919 1856; x_wconf 83' lang='lat' dir='ltr'><strong>quamvis</strong></span> <span class='ocrx_word' id='word_1_133' title='bbox 936 1779 1049 1848; x_wconf 86' lang='lat' dir='ltr'><strong>ratione</strong></span> <span class='ocrx_word' id='word_1_134' title='bbox 1059 1797 1109 1837; x_wconf 90' lang='lat' dir='ltr'><strong>ea·</strong></span> 
     </span>
     <span class='ocr_line' id='line_1_19' title="bbox 126 1860 1109 1943; baseline 0.001 -21"><span class='ocrx_word' id='word_1_135' title='bbox 126 1872 202 1942; x_wconf 86' lang='lat' dir='ltr'><strong>reat,</strong></span> <span class='ocrx_word' id='word_1_136' title='bbox 224 1861 475 1939; x_wconf 20' lang='lat' dir='ltr'><strong>erubescitgllicet</strong></span> <span class='ocrx_word' id='word_1_137' title='bbox 489 1860 633 1926; x_wconf 70' lang='lat' dir='ltr'><strong>&#39;confidam</strong></span> <span class='ocrx_word' id='word_1_138' title='bbox 652 1860 689 1920; x_wconf 88' lang='lat' dir='ltr'><strong>de</strong></span> <span class='ocrx_word' id='word_1_139' title='bbox 716 1862 914 1922; x_wconf 87' lang='lat' dir='ltr'><strong>misericordia</strong></span> <span class='ocrx_word' id='word_1_140' title='bbox 941 1861 1003 1936; x_wconf 83' lang='lat' dir='ltr'><strong>dei,</strong></span> <span class='ocrx_word' id='word_1_141' title='bbox 1033 1863 1109 1943; x_wconf 87' lang='lat' dir='ltr'><strong>quod</strong></span> 
     </span>
     <span class='ocr_line' id='line_1_20' title="bbox 126 1946 1109 2027; baseline 0.003 -21"><span class='ocrx_word' id='word_1_142' title='bbox 126 1950 214 2007; x_wconf 87' lang='lat' dir='ltr'><strong>etiam</strong></span> <span class='ocrx_word' id='word_1_143' title='bbox 233 1947 333 2006; x_wconf 86' lang='lat' dir='ltr'><strong>seusus</strong></span> <span class='ocrx_word' id='word_1_144' title='bbox 352 1966 431 2006; x_wconf 86' lang='lat' dir='ltr'><strong>meus</strong></span> <span class='ocrx_word' id='word_1_145' title='bbox 451 1965 487 2005; x_wconf 87' lang='lat' dir='ltr'><strong>ex</strong></span> <span class='ocrx_word' id='word_1_146' title='bbox 505 1947 548 2006; x_wconf 90' lang='lat' dir='ltr'><strong>his</strong></span> <span class='ocrx_word' id='word_1_147' title='bbox 568 1957 640 2027; x_wconf 82' lang='lat' dir='ltr'><strong>qnae</strong></span> <span class='ocrx_word' id='word_1_148' title='bbox 657 1967 712 2027; x_wconf 92' lang='lat' dir='ltr'><strong>per</strong></span> <span class='ocrx_word' id='word_1_149' title='bbox 729 1946 889 2006; x_wconf 76' lang='lat' dir='ltr'><strong>doctrinam</strong></span> <span class='ocrx_word' id='word_1_150' title='bbox 907 1959 983 2007; x_wconf 88' lang='lat' dir='ltr'><strong>tuam</strong></span> <span class='ocrx_word' id='word_1_151' title='bbox 1002 1968 1109 2011; x_wconf 85' lang='lat' dir='ltr'><strong>conca·</strong></span> 
     </span>
     <span class='ocr_line' id='line_1_21' title="bbox 127 2031 1175 2114; baseline 0.004 -24"><span class='ocrx_word' id='word_1_152' title='bbox 127 2035 180 2112; x_wconf 84' lang='lat' dir='ltr'><strong>pit,</strong></span> <span class='ocrx_word' id='word_1_153' title='bbox 202 2031 280 2090; x_wconf 80' lang='lat' dir='ltr'><strong>alind</strong></span> <span class='ocrx_word' id='word_1_154' title='bbox 297 2031 353 2090; x_wconf 83' lang='lat' dir='ltr'><strong>iani</strong></span> <span class='ocrx_word' id='word_1_155' title='bbox 371 2031 478 2111; x_wconf 90' lang='lat' dir='ltr'><strong>aliquid</strong></span> <span class='ocrx_word' id='word_1_156' title='bbox 495 2031 537 2091; x_wconf 88' lang='lat' dir='ltr'><strong>ad·</strong></span> <span class='ocrx_word' id='word_1_157' title='bbox 551 2034 758 2111; x_wconf 81' lang='lat' dir='ltr'><strong>cogitationem</strong></span> <span class='ocrx_word' id='word_1_158' title='bbox 776 2035 911 2113; x_wconf 89' lang='lat' dir='ltr'><strong>recipere</strong></span> <span class='ocrx_word' id='word_1_159' title='bbox 928 2055 985 2094; x_wconf 91' lang='lat' dir='ltr'><strong>uon</strong></span> <span class='ocrx_word' id='word_1_160' title='bbox 1004 2037 1106 2114; x_wconf 88' lang='lat' dir='ltr'><strong>possit.</strong></span> <span class='ocrx_word' id='word_1_161' title='bbox 1172 2046 1175 2051; x_wconf 83' lang='lat'>&#39;</span> 
     </span>
     <span class='ocr_line' id='line_1_22' title="bbox 126 2116 1110 2200; baseline 0.001 -24"><span class='ocrx_word' id='word_1_162' title='bbox 126 2118 285 2181; x_wconf 82' lang='lat' dir='ltr'><strong>Pnaeterea</strong></span> <span class='ocrx_word' id='word_1_163' title='bbox 302 2119 416 2176; x_wconf 87' lang='lat' dir='ltr'><strong>memini</strong></span> <span class='ocrx_word' id='word_1_164' title='bbox 434 2128 463 2176; x_wconf 89' lang='lat' dir='ltr'><strong>te</strong></span> <span class='ocrx_word' id='word_1_165' title='bbox 473 2116 548 2196; x_wconf 90' lang='lat' dir='ltr'><strong>apud</strong></span> <span class='ocrx_word' id='word_1_166' title='bbox 559 2117 732 2178; x_wconf 86' lang='lat' dir='ltr'><strong>Caesaream</strong></span> <span class='ocrx_word' id='word_1_167' title='bbox 749 2117 868 2190; x_wconf 79' lang='lat' dir='ltr'><strong>dixisse,</strong></span> <span class='ocrx_word' id='word_1_168' title='bbox 888 2130 920 2178; x_wconf 92' lang='lat' dir='ltr'><strong>ut</strong></span> <span class='ocrx_word' id='word_1_169' title='bbox 937 2123 962 2179; x_wconf 86' lang='lat' dir='ltr'><strong>si</strong></span> <span class='ocrx_word' id='word_1_170' title='bbox 980 2121 1042 2200; x_wconf 89' lang='lat' dir='ltr'><strong>quis</strong></span> <span class='ocrx_word' id='word_1_171' title='bbox 1051 2121 1110 2178; x_wconf 83' lang='lat' dir='ltr'><strong>vuit</strong></span> 
     </span>
     <span class='ocr_line' id='line_1_23' title="bbox 126 2203 1109 2283; baseline 0.001 -20"><span class='ocrx_word' id='word_1_172' title='bbox 126 2224 172 2263; x_wconf 89' lang='lat' dir='ltr'><strong>me</strong></span> <span class='ocrx_word' id='word_1_173' title='bbox 192 2203 270 2263; x_wconf 82' lang='lat' dir='ltr'><strong>&#39;salva</strong></span> <span class='ocrx_word' id='word_1_174' title='bbox 289 2206 397 2283; x_wconf 78' lang='lat' dir='ltr'><strong>pietate</strong></span> <span class='ocrx_word' id='word_1_175' title='bbox 417 2204 559 2274; x_wconf 72' lang='lat' dir='ltr'><strong>comitari.</strong></span> <span class='ocrx_word' id='word_1_176' title='bbox 581 2206 745 2262; x_wconf 83' lang='lat' dir='ltr'><strong>comitetur.</strong></span> <span class='ocrx_word' id='word_1_177' title='bbox 793 2204 878 2263; x_wconf 83' lang='lat' dir='ltr'><strong>Salva</strong></span> <span class='ocrx_word' id='word_1_178' title='bbox 896 2216 990 2263; x_wconf 85' lang='lat' dir='ltr'><strong>autem</strong></span> <span class='ocrx_word' id='word_1_179' title='bbox 1001 2206 1109 2282; x_wconf 87' lang='lat' dir='ltr'><strong>pietate</strong></span> 
     </span>
     <span class='ocr_line' id='line_1_24' title="bbox 125 2284 1110 2359; baseline 0 -12"><span class='ocrx_word' id='word_1_180' title='bbox 125 2287 258 2359; x_wconf 78' lang='lat' dir='ltr'><strong>dicebas,</strong></span> <span class='ocrx_word' id='word_1_181' title='bbox 287 2298 318 2347; x_wconf 90' lang='lat' dir='ltr'><strong>ut</strong></span> <span class='ocrx_word' id='word_1_182' title='bbox 344 2290 485 2347; x_wconf 85' lang='lat' dir='ltr'><strong>neminem</strong></span> <span class='ocrx_word' id='word_1_183' title='bbox 499 2284 692 2347; x_wconf 79' lang='lat' dir='ltr'><strong>&#39;contristaret</strong></span> <span class='ocrx_word' id='word_1_184' title='bbox 710 2290 756 2347; x_wconf 91' lang='lat' dir='ltr'><strong>cui</strong></span> <span class='ocrx_word' id='word_1_185' title='bbox 774 2287 929 2346; x_wconf 87' lang='lat' dir='ltr'><strong>secuudum</strong></span> <span class='ocrx_word' id='word_1_186' title='bbox 956 2288 1039 2347; x_wconf 89' lang='lat' dir='ltr'><strong>deum</strong></span> <span class='ocrx_word' id='word_1_187' title='bbox 1058 2288 1110 2347; x_wconf 85' lang='lat' dir='ltr'><strong>de·</strong></span> 
     </span>
     <span class='ocr_line' id='line_1_25' title="bbox 125 2370 1110 2451; baseline 0 -18"><span class='ocrx_word' id='word_1_188' title='bbox 125 2374 212 2433; x_wconf 89' lang='lat' dir='ltr'><strong>beret</strong></span> <span class='ocrx_word' id='word_1_189' title='bbox 228 2372 405 2444; x_wconf 85' lang='lat' dir='ltr'><strong>adhaerere,</strong></span> <span class='ocrx_word' id='word_1_190' title='bbox 425 2372 506 2431; x_wconf 89' lang='lat' dir='ltr'><strong>verbi</strong></span> <span class='ocrx_word' id='word_1_191' title='bbox 524 2373 629 2449; x_wconf 82' lang='lat' dir='ltr'><strong>gratia,</strong></span> <span class='ocrx_word' id='word_1_192' title='bbox 650 2390 687 2429; x_wconf 87' lang='lat' dir='ltr'><strong>ue</strong></span> <span class='ocrx_word' id='word_1_193' title='bbox 704 2391 823 2431; x_wconf 85' lang='lat' dir='ltr'><strong>uxorem</strong></span> <span class='ocrx_word' id='word_1_194' title='bbox 842 2370 1110 2451; x_wconf 84' lang='lat' dir='ltr'><strong>fideiemreiinque·</strong></span> 
     </span>
     <span class='ocr_line' id='line_1_26' title="bbox 127 2455 1109 2537; baseline 0 -20"><span class='ocrx_word' id='word_1_195' title='bbox 127 2471 175 2517; x_wconf 93' lang='lat' dir='ltr'><strong>ret</strong></span> <span class='ocrx_word' id='word_1_196' title='bbox 191 2460 237 2517; x_wconf 87' lang='lat' dir='ltr'><strong>vel</strong></span> <span class='ocrx_word' id='word_1_197' title='bbox 256 2468 390 2537; x_wconf 89' lang='lat' dir='ltr'><strong>parentes</strong></span> <span class='ocrx_word' id='word_1_198' title='bbox 407 2457 454 2515; x_wconf 88' lang='lat' dir='ltr'><strong>vel</strong></span> <span class='ocrx_word' id='word_1_199' title='bbox 473 2458 543 2520; x_wconf 87' lang='lat' dir='ltr'><strong>alias</strong></span> <span class='ocrx_word' id='word_1_200' title='bbox 561 2455 758 2515; x_wconf 85' lang='lat' dir='ltr'><strong>huiuscemodi</strong></span> <span class='ocrx_word' id='word_1_201' title='bbox 784 2474 944 2535; x_wconf 88' lang='lat' dir='ltr'><strong>personas,</strong></span> <span class='ocrx_word' id='word_1_202' title='bbox 973 2478 991 2516; x_wconf 91' lang='lat' dir='ltr'><strong>a</strong></span> <span class='ocrx_word' id='word_1_203' title='bbox 1009 2458 1109 2537; x_wconf 89' lang='lat' dir='ltr'><strong>quibus</strong></span> 
     </span>
     <span class='ocr_line' id='line_1_27' title="bbox 128 2539 1109 2621; baseline 0.001 -19"><span class='ocrx_word' id='word_1_204' title='bbox 128 2564 186 2621; x_wconf 85' lang='lat' dir='ltr'><strong>ego</strong></span> <span class='ocrx_word' id='word_1_205' title='bbox 204 2544 287 2603; x_wconf 84' lang='lat' dir='ltr'><strong>valde</strong></span> <span class='ocrx_word' id='word_1_206' title='bbox 306 2544 379 2602; x_wconf 87' lang='lat' dir='ltr'><strong>liber</strong></span> <span class='ocrx_word' id='word_1_207' title='bbox 397 2544 457 2601; x_wconf 79' lang='lat' dir='ltr'><strong>&#39;sum</strong></span> <span class='ocrx_word' id='word_1_208' title='bbox 477 2552 506 2601; x_wconf 90' lang='lat' dir='ltr'><strong>et</strong></span> <span class='ocrx_word' id='word_1_209' title='bbox 524 2540 590 2600; x_wconf 89' lang='lat' dir='ltr'><strong>ideo</strong></span> <span class='ocrx_word' id='word_1_210' title='bbox 609 2552 691 2620; x_wconf 86' lang='lat' dir='ltr'><strong>aptus</strong></span> <span class='ocrx_word' id='word_1_211' title='bbox 709 2539 940 2621; x_wconf 82' lang='lat' dir='ltr'><strong>adaequandum</strong></span> <span class='ocrx_word' id='word_1_212' title='bbox 958 2554 1004 2614; x_wconf 61' lang='lat' dir='ltr'><strong>teg</strong></span> <span class='ocrx_word' id='word_1_213' title='bbox 1024 2552 1109 2621; x_wconf 81' lang='lat' dir='ltr'><strong>atque</strong></span> 
     </span>
     <span class='ocr_line' id='line_1_28' title="bbox 127 2626 1110 2687; baseline -0.001 0"><span class='ocrx_word' id='word_1_214' title='bbox 127 2630 234 2687; x_wconf 81' lang='lat' dir='ltr'><strong>utinam</strong></span> <span class='ocrx_word' id='word_1_215' title='bbox 261 2629 331 2686; x_wconf 88' lang='lat' dir='ltr'><strong>ruibi</strong></span> <span class='ocrx_word' id='word_1_216' title='bbox 356 2626 501 2685; x_wconf 87' lang='lat' dir='ltr'><strong>concedas</strong></span> <span class='ocrx_word' id='word_1_217' title='bbox 528 2638 557 2684; x_wconf 91' lang='lat' dir='ltr'><strong>ut</strong></span> <span class='ocrx_word' id='word_1_218' title='bbox 584 2626 636 2684; x_wconf 85' lang='lat' dir='ltr'><strong>tibi</strong></span> <span class='ocrx_word' id='word_1_219' title='bbox 654 2628 741 2685; x_wconf 85' lang='lat' dir='ltr'><strong>etiam</strong></span> <span class='ocrx_word' id='word_1_220' title='bbox 759 2628 836 2685; x_wconf 88' lang='lat' dir='ltr'><strong>servi</strong></span> <span class='ocrx_word' id='word_1_221' title='bbox 853 2628 1040 2687; x_wconf 89' lang='lat' dir='ltr'><strong>ministerium</strong></span> <span class='ocrx_word' id='word_1_222' title='bbox 1058 2646 1110 2686; x_wconf 84' lang='lat' dir='ltr'><strong>on·</strong></span> 
     </span>
    </p>
   </div>
   <div class='ocr_carea' id='block_1_4' title="bbox 62 2714 296 2773">
    <p class='ocr_par' dir='ltr' id='par_1_5' title="bbox 62 2714 296 2773">
     <span class='ocr_line' id='line_1_29' title="bbox 62 2714 296 2773; baseline -0.009 -2"><span class='ocrx_word' id='word_1_223' title='bbox 62 2727 68 2733; x_wconf 81' lang='grc'><strong><em>’</em></strong></span> <span class='ocrx_word' id='word_1_224' title='bbox 128 2714 253 2773; x_wconf 88' lang='lat' dir='ltr'><strong>bibeam.</strong></span> <span class='ocrx_word' id='word_1_225' title='bbox 292 2738 296 2769; x_wconf 73' lang='grc' dir='ltr'><em>ι</em></span> 
     </span>
    </p>
   </div>
   <div class='ocr_carea' id='block_1_5' title="bbox 127 2796 1110 3386">
    <p class='ocr_par' dir='ltr' id='par_1_6' title="bbox 127 2796 1110 3386">
     <span class='ocr_line' id='line_1_30' title="bbox 132 2796 1110 2880; baseline 0 -23"><span class='ocrx_word' id='word_1_226' title='bbox 132 2832 137 2837; x_wconf 98' lang='grc'>-</span> <span class='ocrx_word' id='word_1_227' title='bbox 170 2797 205 2858; x_wconf 83' lang='grc'><strong>6.</strong></span> <span class='ocrx_word' id='word_1_228' title='bbox 250 2797 439 2864; x_wconf 67' lang='grc' dir='ltr'><strong>ῬιιηιΡοῑηιε</strong></span> <span class='ocrx_word' id='word_1_229' title='bbox 457 2796 493 2857; x_wconf 88' lang='lat' dir='ltr'><strong>ad</strong></span> <span class='ocrx_word' id='word_1_230' title='bbox 511 2797 700 2857; x_wconf 86' lang='lat' dir='ltr'><strong>haecridens</strong></span> <span class='ocrx_word' id='word_1_231' title='bbox 719 2800 774 2874; x_wconf 80' lang='lat' dir='ltr'><strong>ait:</strong></span> <span class='ocrx_word' id='word_1_232' title='bbox 803 2798 841 2858; x_wconf 86' lang='lat' dir='ltr'><strong>Et</strong></span> <span class='ocrx_word' id='word_1_233' title='bbox 859 2798 925 2877; x_wconf 91' lang='lat' dir='ltr'><strong>quid</strong></span> <span class='ocrx_word' id='word_1_234' title='bbox 941 2810 1027 2880; x_wconf 86' lang='lat' dir='ltr'><strong>putas</strong></span> <span class='ocrx_word' id='word_1_235' title='bbox 1043 2798 1110 2858; x_wconf 88' lang='lat' dir='ltr'><strong>Cle·</strong></span> 
     </span>
     <span class='ocr_line' id='line_1_31' title="bbox 127 2882 1109 2963; baseline -0.004 -18"><span class='ocrx_word' id='word_1_236' title='bbox 127 2903 219 2954; x_wconf 86' lang='lat' dir='ltr'><strong>mens,</strong></span> <span class='ocrx_word' id='word_1_237' title='bbox 240 2882 315 2962; x_wconf 89' lang='lat' dir='ltr'><strong>quod</strong></span> <span class='ocrx_word' id='word_1_238' title='bbox 334 2905 390 2943; x_wconf 92' lang='lat' dir='ltr'><strong>non</strong></span> <span class='ocrx_word' id='word_1_239' title='bbox 408 2895 437 2943; x_wconf 87' lang='lat' dir='ltr'><strong>te</strong></span> <span class='ocrx_word' id='word_1_240' title='bbox 457 2886 517 2963; x_wconf 89' lang='lat' dir='ltr'><strong>ipsa</strong></span> <span class='ocrx_word' id='word_1_241' title='bbox 536 2886 695 2943; x_wconf 86' lang='lat' dir='ltr'><strong>necessitas</strong></span> <span class='ocrx_word' id='word_1_242' title='bbox 713 2886 1018 2945; x_wconf 79' lang='lat' dir='ltr'><strong>mihifaciatservum-‘t</strong></span> <span class='ocrx_word' id='word_1_243' title='bbox 1036 2884 1109 2943; x_wconf 88' lang='lat' dir='ltr'><strong>Nani</strong></span> 
     </span>
     <span class='ocr_line' id='line_1_32' title="bbox 129 2969 1110 3049; baseline 0.006 -22"><span class='ocrx_word' id='word_1_244' title='bbox 129 2970 191 3049; x_wconf 92' lang='lat' dir='ltr'><strong>quis</strong></span> <span class='ocrx_word' id='word_1_245' title='bbox 219 2969 286 3025; x_wconf 86' lang='lat' dir='ltr'><strong>mibi</strong></span> <span class='ocrx_word' id='word_1_246' title='bbox 314 2970 421 3045; x_wconf 85' lang='lat' dir='ltr'><strong>poterit</strong></span> <span class='ocrx_word' id='word_1_247' title='bbox 447 2970 518 3027; x_wconf 86' lang='lat' dir='ltr'><strong>adius</strong></span> <span class='ocrx_word' id='word_1_248' title='bbox 536 2980 668 3027; x_wconf 89' lang='lat' dir='ltr'><strong>sternere</strong></span> <span class='ocrx_word' id='word_1_249' title='bbox 690 2969 827 3028; x_wconf 88' lang='lat' dir='ltr'><strong>sindones</strong></span> <span class='ocrx_word' id='word_1_250' title='bbox 855 2981 885 3027; x_wconf 90' lang='lat' dir='ltr'><strong>et</strong></span> <span class='ocrx_word' id='word_1_251' title='bbox 902 2970 1030 3048; x_wconf 83' lang='lat' dir='ltr'><strong>stragula</strong></span> <span class='ocrx_word' id='word_1_252' title='bbox 1048 2970 1110 3047; x_wconf 74' lang='lat' dir='ltr'><strong>pub-</strong></span> 
     </span>
     <span class='ocr_line' id='line_1_33' title="bbox 128 3052 1110 3131; baseline -0.002 -19"><span class='ocrx_word' id='word_1_253' title='bbox 128 3074 181 3112; x_wconf 89' lang='lat' dir='ltr'><strong>cra</strong></span> <span class='ocrx_word' id='word_1_254' title='bbox 200 3062 393 3129; x_wconf 72' lang='lat' dir='ltr'><strong>componeret</strong></span> <span class='ocrx_word' id='word_1_255' title='bbox 412 3054 480 3125; x_wconf 80' lang='lat' dir='ltr'><strong>Quis</strong></span> <span class='ocrx_word' id='word_1_256' title='bbox 498 3072 615 3112; x_wconf 83' lang='lat' dir='ltr'><strong>serrare</strong></span> <span class='ocrx_word' id='word_1_257' title='bbox 634 3054 734 3111; x_wconf 86' lang='lat' dir='ltr'><strong>anulos</strong></span> <span class='ocrx_word' id='word_1_258' title='bbox 752 3064 782 3111; x_wconf 89' lang='lat' dir='ltr'><strong>et</strong></span> <span class='ocrx_word' id='word_1_259' title='bbox 799 3052 963 3112; x_wconf 86' lang='lat' dir='ltr'><strong>indumenta</strong></span> <span class='ocrx_word' id='word_1_260' title='bbox 981 3072 1110 3131; x_wconf 79' lang='lat' dir='ltr'><strong>quaees-</strong></span> 
     </span>
     <span class='ocr_line' id='line_1_34' title="bbox 128 3136 1110 3215; baseline -0.003 -17"><span class='ocrx_word' id='word_1_261' title='bbox 128 3136 340 3209; x_wconf 78' lang='lat' dir='ltr'><strong>sidue&#39;mutare</strong></span> <span class='ocrx_word' id='word_1_262' title='bbox 359 3136 490 3209; x_wconf 84' lang='lat' dir='ltr'><strong>debeam,</strong></span> <span class='ocrx_word' id='word_1_263' title='bbox 511 3137 711 3215; x_wconf 79' lang='lat' dir='ltr'><strong>praeparabit?</strong></span> <span class='ocrx_word' id='word_1_264' title='bbox 735 3138 803 3209; x_wconf 81' lang='lat' dir='ltr'><strong>Quis</strong></span> <span class='ocrx_word' id='word_1_265' title='bbox 822 3140 908 3195; x_wconf 80' lang='lat' dir='ltr'><strong>etiam</strong></span> <span class='ocrx_word' id='word_1_266' title='bbox 927 3138 1007 3197; x_wconf 88' lang='lat' dir='ltr'><strong>cocis</strong></span> <span class='ocrx_word' id='word_1_267' title='bbox 1021 3139 1110 3214; x_wconf 88' lang='lat' dir='ltr'><strong>impe·</strong></span> 
     </span>
     <span class='ocr_line' id='line_1_35' title="bbox 128 3212 1110 3301; baseline -0.003 -19"><span class='ocrx_word' id='word_1_268' title='bbox 128 3222 206 3283; x_wconf 91' lang='lat' dir='ltr'><strong>rabit</strong></span> <span class='ocrx_word' id='word_1_269' title='bbox 228 3232 258 3279; x_wconf 87' lang='lat' dir='ltr'><strong>et</strong></span> <span class='ocrx_word' id='word_1_270' title='bbox 276 3212 389 3279; x_wconf 76' lang='lat' dir='ltr'><strong>direr&#39;sa</strong></span> <span class='ocrx_word' id='word_1_271' title='bbox 409 3232 494 3301; x_wconf 87' lang='lat' dir='ltr'><strong>atque</strong></span> <span class='ocrx_word' id='word_1_272' title='bbox 514 3224 606 3281; x_wconf 86' lang='lat' dir='ltr'><strong>electa</strong></span> <span class='ocrx_word' id='word_1_273' title='bbox 617 3222 761 3299; x_wconf 89' lang='lat' dir='ltr'><strong>pulmenta</strong></span> <span class='ocrx_word' id='word_1_274' title='bbox 770 3220 942 3298; x_wconf 81' lang='lat' dir='ltr'><strong>providebit,</strong></span> <span class='ocrx_word' id='word_1_275' title='bbox 964 3232 1110 3301; x_wconf 86' lang='lat' dir='ltr'><strong>quaearte</strong></span> 
     </span>
     <span class='ocr_line' id='line_1_36' title="bbox 130 3307 1110 3386; baseline -0.002 -19"><span class='ocrx_word' id='word_1_276' title='bbox 130 3307 282 3367; x_wconf 83' lang='lat' dir='ltr'><strong>scitissime</strong></span> <span class='ocrx_word' id='word_1_277' title='bbox 300 3316 330 3365; x_wconf 88' lang='lat' dir='ltr'><strong>et</strong></span> <span class='ocrx_word' id='word_1_278' title='bbox 347 3308 427 3365; x_wconf 89' lang='lat' dir='ltr'><strong>varia</strong></span> <span class='ocrx_word' id='word_1_279' title='bbox 444 3318 663 3386; x_wconf 85' lang='lat' dir='ltr'><strong>praeparentur,</strong></span> <span class='ocrx_word' id='word_1_280' title='bbox 684 3318 714 3365; x_wconf 86' lang='lat' dir='ltr'><strong>et</strong></span> <span class='ocrx_word' id='word_1_281' title='bbox 732 3308 827 3364; x_wconf 88' lang='lat' dir='ltr'><strong>omnia</strong></span> <span class='ocrx_word' id='word_1_282' title='bbox 844 3307 893 3365; x_wconf 86' lang='lat' dir='ltr'><strong>ida</strong></span> <span class='ocrx_word' id='word_1_283' title='bbox 906 3323 979 3385; x_wconf 88' lang='lat' dir='ltr'><strong>quae</strong></span> <span class='ocrx_word' id='word_1_284' title='bbox 990 3308 1110 3365; x_wconf 89' lang='lat' dir='ltr'><strong>bomini·</strong></span> 
     </span>
    </p>
   </div>
   <div class='ocr_carea' id='block_1_6' title="bbox 130 3476 1113 3981">
    <p class='ocr_par' dir='ltr' id='par_1_7' title="bbox 130 3476 1113 3981">
     <span class='ocr_line' id='line_1_37' title="bbox 130 3476 1111 3555; baseline 0 -19"><span class='ocrx_word' id='word_1_285' title='bbox 130 3478 309 3537; x_wconf 86' lang='lat' dir='ltr'><strong>manissimae</strong></span> <span class='ocrx_word' id='word_1_286' title='bbox 329 3476 440 3536; x_wconf 87' lang='lat' dir='ltr'><strong>cuidam</strong></span> <span class='ocrx_word' id='word_1_287' title='bbox 458 3477 699 3537; x_wconf 85' lang='lat' dir='ltr'><strong>bestiae&#39;iniustis</strong></span> <span class='ocrx_word' id='word_1_288' title='bbox 726 3478 854 3555; x_wconf 86' lang='lat' dir='ltr'><strong>quaesita</strong></span> <span class='ocrx_word' id='word_1_289' title='bbox 865 3498 867 3503; x_wconf 93' lang='lat'>·</span> <span class='ocrx_word' id='word_1_290' title='bbox 880 3477 1016 3536; x_wconf 86' lang='lat' dir='ltr'><strong>sumtibus</strong></span> <span class='ocrx_word' id='word_1_291' title='bbox 1040 3497 1111 3536; x_wconf 90' lang='lat' dir='ltr'><strong>cou-</strong></span> 
     </span>
     <span class='ocr_line' id='line_1_38' title="bbox 130 3560 1113 3644; baseline -0.001 -23"><span class='ocrx_word' id='word_1_292' title='bbox 130 3568 299 3621; x_wconf 77' lang='lat' dir='ltr'><strong>vectentur?</strong></span> <span class='ocrx_word' id='word_1_293' title='bbox 319 3561 384 3621; x_wconf 81' lang='lat' dir='ltr'><strong>Sed</strong></span> <span class='ocrx_word' id='word_1_294' title='bbox 400 3564 531 3623; x_wconf 82' lang='lat' dir='ltr'><strong>fortasse¹</strong></span> <span class='ocrx_word' id='word_1_295' title='bbox 546 3560 672 3641; x_wconf 83' lang='lat' dir='ltr'><strong>quamvis</strong></span> <span class='ocrx_word' id='word_1_296' title='bbox 699 3580 810 3621; x_wconf 86' lang='lat' dir='ltr'><strong>mecum</strong></span> <span class='ocrx_word' id='word_1_297' title='bbox 836 3564 946 3644; x_wconf 89' lang='lat' dir='ltr'><strong>positus</strong></span> <span class='ocrx_word' id='word_1_298' title='bbox 970 3560 1113 3629; x_wconf 76' lang='lat' dir='ltr'><strong>ridearis.</strong></span> 
     </span>
     <span class='ocr_line' id='line_1_39' title="bbox 132 3646 1111 3725; baseline 0 -20"><span class='ocrx_word' id='word_1_299' title='bbox 132 3649 360 3724; x_wconf 84' lang='lat' dir='ltr'><strong>uou&#39;aguoveris</strong></span> <span class='ocrx_word' id='word_1_300' title='bbox 379 3648 463 3707; x_wconf 84' lang='lat' dir='ltr'><strong>vitam</strong></span> <span class='ocrx_word' id='word_1_301' title='bbox 482 3667 589 3719; x_wconf 79' lang='lat' dir='ltr'><strong>meam3</strong></span> <span class='ocrx_word' id='word_1_302' title='bbox 619 3646 784 3725; x_wconf 77' lang='lat' dir='ltr'><strong>pauismihi</strong></span> <span class='ocrx_word' id='word_1_303' title='bbox 802 3649 880 3706; x_wconf 88' lang='lat' dir='ltr'><strong>solus</strong></span> <span class='ocrx_word' id='word_1_304' title='bbox 898 3667 961 3705; x_wconf 91' lang='lat' dir='ltr'><strong>cum</strong></span> <span class='ocrx_word' id='word_1_305' title='bbox 980 3648 1062 3705; x_wconf 83' lang='lat' dir='ltr'><strong>oiiris</strong></span> <span class='ocrx_word' id='word_1_306' title='bbox 1081 3657 1111 3705; x_wconf 91' lang='lat' dir='ltr'><strong>et</strong></span> 
     </span>
     <span class='ocr_line' id='line_1_40' title="bbox 131 3730 1109 3803; baseline -0.002 -13"><span class='ocrx_word' id='word_1_307' title='bbox 131 3752 197 3790; x_wconf 88' lang='lat' dir='ltr'><strong>raro</strong></span> <span class='ocrx_word' id='word_1_308' title='bbox 217 3733 301 3791; x_wconf 89' lang='lat' dir='ltr'><strong>etiam</strong></span> <span class='ocrx_word' id='word_1_309' title='bbox 321 3752 384 3791; x_wconf 90' lang='lat' dir='ltr'><strong>cum</strong></span> <span class='ocrx_word' id='word_1_310' title='bbox 403 3733 529 3793; x_wconf 82' lang='lat' dir='ltr'><strong>oleribus</strong></span> <span class='ocrx_word' id='word_1_311' title='bbox 547 3734 575 3790; x_wconf 92' lang='lat' dir='ltr'><strong>iu</strong></span> <span class='ocrx_word' id='word_1_312' title='bbox 594 3742 720 3803; x_wconf 77' lang='lat' dir='ltr'><strong>ueneat,</strong></span> <span class='ocrx_word' id='word_1_313' title='bbox 740 3730 932 3790; x_wconf 88' lang='lat' dir='ltr'><strong>indumentum</strong></span> <span class='ocrx_word' id='word_1_314' title='bbox 950 3730 1109 3789; x_wconf 87' lang='lat' dir='ltr'><strong>autemboc</strong></span> 
     </span>
     <span class='ocr_line' id='line_1_41' title="bbox 132 3814 1108 3894; baseline -0.004 -17"><span class='ocrx_word' id='word_1_315' title='bbox 132 3828 177 3877; x_wconf 89' lang='lat' dir='ltr'><strong>est</strong></span> <span class='ocrx_word' id='word_1_316' title='bbox 203 3817 269 3875; x_wconf 86' lang='lat' dir='ltr'><strong>mibi</strong></span> <span class='ocrx_word' id='word_1_317' title='bbox 297 3815 372 3894; x_wconf 90' lang='lat' dir='ltr'><strong>quod</strong></span> <span class='ocrx_word' id='word_1_318' title='bbox 398 3817 490 3889; x_wconf 89' lang='lat' dir='ltr'><strong>vides,</strong></span> <span class='ocrx_word' id='word_1_319' title='bbox 518 3819 616 3875; x_wconf 90' lang='lat' dir='ltr'><strong>tunica</strong></span> <span class='ocrx_word' id='word_1_320' title='bbox 644 3836 707 3875; x_wconf 92' lang='lat' dir='ltr'><strong>cum</strong></span> <span class='ocrx_word' id='word_1_321' title='bbox 724 3817 821 3893; x_wconf 84' lang='lat' dir='ltr'><strong>padio,</strong></span> <span class='ocrx_word' id='word_1_322' title='bbox 851 3826 881 3873; x_wconf 90' lang='lat' dir='ltr'><strong>et</strong></span> <span class='ocrx_word' id='word_1_323' title='bbox 898 3816 970 3877; x_wconf 88' lang='lat' dir='ltr'><strong>baec</strong></span> <span class='ocrx_word' id='word_1_324' title='bbox 988 3814 1108 3881; x_wconf 78' lang='lat' dir='ltr'><strong>babens,</strong></span> 
     </span>
     <span class='ocr_line' id='line_1_42' title="bbox 131 3900 1109 3981; baseline -0.003 -21"><span class='ocrx_word' id='word_1_325' title='bbox 131 3900 207 3961; x_wconf 85' lang='lat' dir='ltr'><strong>aliud</strong></span> <span class='ocrx_word' id='word_1_326' title='bbox 225 3901 294 3961; x_wconf 83' lang='lat' dir='ltr'><strong>nibil</strong></span> <span class='ocrx_word' id='word_1_327' title='bbox 312 3903 445 3981; x_wconf 80' lang='lat' dir='ltr'><strong>requiro.</strong></span> <span class='ocrx_word' id='word_1_328' title='bbox 487 3903 549 3961; x_wconf 86' lang='lat' dir='ltr'><strong>Hoc</strong></span> <span class='ocrx_word' id='word_1_329' title='bbox 569 3902 634 3960; x_wconf 91' lang='lat' dir='ltr'><strong>mihi</strong></span> <span class='ocrx_word' id='word_1_330' title='bbox 652 3901 770 3971; x_wconf 83' lang='lat' dir='ltr'><strong>sufficit,</strong></span> <span class='ocrx_word' id='word_1_331' title='bbox 790 3901 857 3980; x_wconf 86' lang='lat' dir='ltr'><strong>quia</strong></span> <span class='ocrx_word' id='word_1_332' title='bbox 873 3917 958 3959; x_wconf 86' lang='lat' dir='ltr'><strong>mous</strong></span> <span class='ocrx_word' id='word_1_333' title='bbox 970 3919 1035 3959; x_wconf 85' lang='lat' dir='ltr'><strong>mea</strong></span> <span class='ocrx_word' id='word_1_334' title='bbox 1053 3920 1109 3957; x_wconf 86' lang='lat' dir='ltr'><strong>non</strong></span> 
     </span>
    </p>
   </div>
   <div class='ocr_carea' id='block_1_7' title="bbox 0 0 1329 4400">
    <p class='ocr_par' dir='ltr' id='par_1_8' title="bbox 0 0 1329 4400">
     <span class='ocr_line' id='line_1_43' title="bbox 0 0 1329 4400; baseline 0 0"><span class='ocrx_word' id='word_1_335' title='bbox 0 0 1329 4400; x_wconf 95' lang='lat' dir='ltr'><strong> </strong></span> 
     </span>
    </p>
   </div>
  </div>
 </body>
</html>
