2634 4400
672 275 718 337 tto

590 367 802 380 u--u———n

250 482 304 544 iii.
351 479 387 543 iit
406 477 523 543 Petrnsa
545 477 589 552 Si,
610 481 713 559 iuquit,
732 499 803 539 vere
821 481 863 538 ris
881 477 1008 551 discere,
1028 477 1111 540 disee
1129 479 1188 540 boe

204 571 335 648 primum,
356 585 436 647 qnam
456 566 588 644 imperite
606 566 848 644 interrogaverim
867 566 916 623 ais·
928 566 1017 635 enim,
1036 583 1100 624 enm
1115 564 1188 624 dens

204 655 337 713 univorsa
355 651 508 721 creaverit,
529 649 603 709 nudo
622 661 668 709 est
684 651 805 714 maiumt
822 647 900 708 Ante
918 651 992 710 enim
1020 669 1101 729 quam
1129 650 1187 708 boe

203 755 337 817 rogares,
366 748 425 796 tres
452 733 649 820 interrogandi
668 735 784 814 speeies
802 733 1029 814 praecedebant.
1075 734 1184 807 Primo,

204 819 228 886 si
247 834 292 884 est
310 823 423 893 marium,
452 819 591 890 seeundo,
622 819 688 899 qnid
707 821 745 878 sit
762 819 875 890 maium,
900 821 999 890 tertio,
1020 821 1069 878 eni
1084 821 1134 890 sit,
1154 831 1187 879 et
1281 880 1284 884 A

203 907 291 968 nude.
336 905 382 966 Ad
400 907 474 966 baeu
492 904 606 963 Simon:
631 904 655 963 0
674 904 897 984 imperitissime,
917 904 1019 982 inquit,
1032 914 1070 963 et
1088 905 1187 962 ineru-

203 990 353 1063 ditissimo,
374 1001 455 1050 estne
474 990 614 1048 bominum
634 990 776 1068 quisquam
788 990 901 1067 quinon
916 989 1099 1060 confiteatur,
1119 990 1188 1068 quin

202 1078 241 1140 sit
258 1079 286 1140 iu
304 1077 358 1140 baa
375 1077 433 1134 vitn
453 1074 572 1138 malunt
601 1071 680 1135 Unde
703 1085 734 1133 ot
751 1093 809 1152 ogo
827 1085 930 1152 putans
946 1082 976 1131 te
994 1075 1039 1133 vei
1059 1093 1186 1132 sommu-

203 1177 268 1219 uem
287 1161 408 1219 omnium
427 1159 536 1218 babere
554 1177 679 1231 sonsum,
707 1160 886 1236 interrogari
910 1157 986 1218 unde
1013 1160 1052 1217 sit
1068 1159 1182 1230 maium,

202 1265 261 1304 non
278 1256 309 1303 nt
327 1239 441 1304 discere
457 1244 570 1314 voians,
599 1244 646 1322 qni
674 1245 768 1304 omnia
790 1242 890 1314 seiam,
910 1233 1008 1302 abste
1025 1245 1184 1325 praecipue

202 1331 250 1408 qui
269 1329 337 1392 nibii
356 1330 483 1400 noveris,
503 1327 553 1388 sed
572 1338 603 1386 nt
621 1339 650 1387 to
670 1327 818 1387 ostendam
832 1329 1183 1406 ignarumesseomnium.
1205 1393 1210 1396 ⁴

201 1413 240 1474 iit
257 1433 293 1474 ne
311 1425 395 1494 putes
412 1415 477 1493 quin
496 1415 583 1473 iratus
610 1433 670 1472 sum
698 1408 774 1492 quod
797 1414 835 1471 ita
854 1424 949 1472 tenum
967 1414 1111 1472 austerius
1140 1414 1184 1471 io·

202 1518 286 1585 quor,
307 1501 452 1560 miseratio
472 1519 515 1558 me
535 1498 620 1558 babet
639 1497 737 1558 borum
757 1499 804 1577 qni
822 1496 940 1569 adsunt,
960 1517 1031 1577 quos
1049 1508 1079 1556 tu
1103 1495 1185 1557 deoi-

93 1609 101 1626 ·
201 1603 273 1663 pore
291 1587 418 1648 eonaris.
465 1583 502 1642 Et
520 1583 621 1642 Petrus
639 1585 694 1644 ait:
714 1581 831 1642 biniturn
850 1583 939 1643 maius
956 1601 1009 1653 es,
1036 1584 1183 1642 situatas

200 1671 318 1729 iniurius
337 1688 393 1732 non
411 1671 499 1728 iratus
518 1669 604 1742 inuis3
625 1667 676 1730 sed
691 1668 868 1746 impossibiie
877 1679 923 1726 ost
931 1669 1035 1729 itanum
1045 1688 1103 1726 non
1113 1688 1185 1726 eon·

201 1773 333 1832 surgere,
354 1754 402 1812 ubi
420 1754 494 1830 iguis
513 1763 567 1813 est.
613 1753 808 1813 Veruntamen
828 1751 939 1824 dieam,
969 1771 1006 1813 ne
1030 1763 1062 1812 te
1087 1753 1184 1812 uerbis

200 1832 301 1897 videar
319 1856 475 1916 occupare,
496 1838 644 1916 quominus
661 1836 698 1899 ad
716 1856 753 1896 oa
771 1856 843 1916 quae
861 1837 959 1896 abste
977 1838 1184 1896 inconvenien-

200 1931 248 1980 ter
264 1933 330 1984 sunt
348 1922 434 1992 diota,
455 1921 655 1999 respondeum.
701 1920 754 1983 Ais
773 1940 871 1982 aornos
889 1923 975 1981 interi
993 1923 1059 2001 qnia
1077 1924 1114 1981 sit
1123 1941 1183 1982 ma·

200 2007 269 2078 ium,
290 2005 365 2085 qnod
384 2007 480 2084 utiquo
499 2007 598 2064 iaisum
618 2018 678 2079 ost3
699 2025 762 2065 nam
781 2008 872 2086 primo
890 2008 1013 2066 omnium
1032 2009 1098 2086 quin
1115 2007 1184 2069 eub-

200 2089 282 2149 sistnt
300 2092 413 2162 maium,
434 2091 567 2150 universa
586 2090 781 2150 Hebraeorum
801 2102 890 2169 negat
906 2110 992 2170 gens,

244 2172 298 2236 1⁷.
344 2176 382 2242 Et
400 2175 497 2235 Simon
516 2176 677 2257 interrupto
696 2179 757 2241 eius
775 2195 925 2238 sermones
954 2175 1057 2248 Baete,
1077 2178 1181 2258 inqnit,

199 2262 309 2326 fuciunt
335 2263 381 2342 qni
410 2260 508 2324 dieunt
534 2282 590 2320 non
614 2282 684 2340 esse
707 2263 820 2323 maium.
867 2261 905 2320 Et
922 2261 1040 2329 Petrus:
1059 2262 1126 2321 Non
1145 2263 1181 2323 dn

199 2346 254 2407 boe
273 2368 347 2408 nuno
374 2347 572 2427 proposuimus
598 2344 710 2419 dicere,
739 2346 790 2407 sed
808 2348 947 2426 quianon
966 2366 1065 2407 omues
1084 2347 1183 2406 dieunt

198 2450 264 2491 esse
283 2434 396 2491 muium.
442 2430 604 2493 Secundum
632 2443 726 2490 autom
754 2443 817 2490 orat
842 2434 1025 2510 interrogare
1052 2443 1094 2504 to,
1115 2431 1181 2511 qnid

199 2527 244 2574 est
262 2518 375 2589 maium,
396 2514 564 2587 substantia,
584 2536 619 2574 an
637 2514 784 2587 aoeidens,
805 2537 841 2575 an
863 2521 963 2578 aetus?
989 2516 1042 2577 sed
1069 2529 1100 2577 et
1125 2518 1181 2576 niia

198 2600 285 2661 multa
303 2599 473 2659 huiusmodi.
519 2599 557 2659 Et
582 2610 648 2679 post
675 2600 760 2673 baeu,
790 2618 861 2679 erga
887 2599 955 2679 quid
971 2603 1017 2661 rei
1038 2601 1180 2682 quomodo

198 2686 246 2756 sit,
267 2696 316 2743 aut
333 2686 379 2746 nui
398 2685 436 2745 sit
453 2685 565 2755 maium,
587 2695 678 2743 utrum
697 2683 754 2744 deo
772 2686 940 2763 anaugeiis,
960 2686 1178 2757 anbominibus,

197 2769 253 2846 piis
271 2788 306 2826 an
325 2769 429 2847 impiis,
449 2769 579 2827 omnibus
597 2786 632 2827 nu
651 2769 802 2850 aliquibus,
821 2789 857 2829 au
875 2770 929 2829 sibi
948 2772 1013 2849 ipsi,
1042 2790 1079 2831 nn
1097 2772 1178 2831 nniii.

196 2850 235 2911 Et
251 2862 318 2911 tune
337 2854 534 2930 interrogares
552 2848 627 2912 unde
643 2855 691 2923 sit,
711 2864 869 2916 utrumnam
887 2876 905 2913 a
923 2855 998 2926 deo,
1027 2874 1063 2913 an
1082 2874 1120 2915 ex
1137 2856 1181 2914 ui·

196 2937 267 3009 biio,
287 2956 440 3019 sempomo
457 2934 555 3009 inerit,
576 2957 612 2999 au
631 2956 669 3001 ex
685 2949 816 3017 tempore
835 2942 980 3020 eoeperit,
1000 2940 1071 2999 utiie
1089 2942 1128 2999 sit
1144 2960 1180 2999 aa
1304 3023 1305 3028 η

195 3022 308 3094 iuntiie,
338 3033 367 3082 et
394 3022 450 3081 aiia
476 3022 561 3092 muita
589 3041 663 3101 quae
681 3023 876 3082 huiuscemodi
894 3026 1056 3103 propositio
1073 3027 1177 3102 exigit,

195 3104 243 3166 Ad
265 3108 338 3167 haee
358 3107 455 3183 Simon
474 3107 639 3186 responditr
659 3108 785 3187 Ignosco
811 3106 891 3180 mibi,
919 3110 1014 3169 errari
1033 3109 1180 3189 deprime

181 3193 438 3274 interrogatione,
458 3192 512 3253 sed
528 3204 596 3273 puta
614 3210 660 3253 rue
679 3212 753 3254 nune
771 3194 891 3274 primum
908 3194 1105 3272 interrogare,
1134 3204 1180 3254 est

194 3278 296 3335 maium
315 3298 350 3336 an
370 3286 445 3339 noni

156 3390 159 3394 ·
239 3360 293 3419 18.
340 3360 377 3419 Et
395 3360 496 3419 Petrus
515 3364 569 3438 aits
600 3360 749 3433 Quomodo
768 3364 943 3441 interrogas,
963 3364 1042 3441 qnasi
1061 3360 1178 3424 dissero

193 3443 294 3503 voians
312 3464 348 3502 an
368 3444 487 3516 dooere,
508 3466 542 3504 an
564 3447 738 3523 quaestionis
756 3446 914 3507 movendae
933 3449 1045 3525 gratini
1064 3447 1098 3507 Si
1116 3449 1179 3527 qni·

193 3526 258 3587 dem
278 3530 358 3608 quasi
376 3527 490 3587 dissero
508 3530 619 3600 roieus,
640 3529 733 3589 babeo
752 3530 827 3610 quod
844 3542 875 3590 te
892 3535 970 3610 prins
989 3531 1122 3605 doceam,
1147 3544 1180 3591 nt

193 3632 247 3692 per
265 3614 498 3693 consequentiam
518 3624 548 3673 et
565 3613 694 3674 ordinem
713 3615 865 3674 doetrinae
872 3619 1004 3688 veniens,
1024 3636 1062 3675 ox
1075 3618 1178 3695 teipso

102 3707 106 3715 “
193 3700 337 3777 inteiligas
356 3698 423 3778 quid
441 3700 479 3759 sit
496 3699 608 3758 maium.
633 3696 641 3703 “
656 3699 689 3758 Si
706 3717 777 3759 vero
786 3711 818 3759 ut
826 3699 935 3760 doeens
948 3702 1099 3781 proponis,
1119 3720 1177 3761 non

190 3782 310 3861 indigeo
330 3784 380 3842 abs
399 3795 428 3844 te
447 3784 558 3855 doeeri,
579 3783 673 3843 babeo
691 3786 766 3843 eninr
785 3786 949 3861 magistrun
967 3805 984 3843 a
1002 3804 1058 3863 quo
1082 3788 1178 3845 omnia

192 3865 292 3925 didici.
340 3867 465 3945 Quodsi
484 3870 659 3949 quaestionis
681 3866 839 3931 movendae
857 3878 888 3926 et
897 3867 1059 3947 disputandi
1068 3872 1175 3946 gratie,
