2634 4400
667 243 711 308 {0

584 336 797 354 'nn-—oeu———O

202 455 354 534 gesserim,
393 463 422 513 et
440 447 582 534 quomodo
600 471 653 532 per
669 454 770 514 innnes
788 451 935 512 effusns'
912 471 965 511 sem
983 455 1180 538 quaestiones,

205 546 249 615 [et
265 541 313 599 illa
332 541 436 612 omnia,
458 559 530 618 quae
548 539 600 598 tibi
618 537 733 598 domine
751 538 789 596 mi
807 535 939 596 incole
930 555 959 595 m
975 539 1127 639 principiis
1138 539 1183 596 in-

201 624 307 698 dream,
318 627 359 684 ιιι
378 645 414 684 nc
433 624 532 684 eadem
551 628 692 704 repetam]
711 626 739 697 1)
759 619 1021 708 libenter-promisi,
1041 625 1182 702 cumipse

201 730 248 769 me
266 712 323 770 iter
340 721 483 782 acturum·
504 709 559 768 nac
578 721 624 769 est
642 710 732 781 enim,
753 729 800 767 ιιι
807 751 816 780 ,
837 707 912 810 qupd
931 701 1112 810 cupidissime
1130 727 1183 766 ca-

202 795 376 895 spectabam.
422 796 615 855 Veruntamen
635 795 713 873 prius
730 793 799 852 milri
817 794 901 872 cupio
919 794 1058 852 rationem
1077 793 1183 852 verita-

201 881 239 940 tis
258 881 378 969 exponi,
407 891 439 939 ιι
457 881 560 950 sciam,
581 881 605 938 si
624 878 763 950 mortalis,
783 898 819 936 an
837 877 1005 938 immortalis
1021 879 1059 936 sit
1075 879 1180 949 anima,

121 970 125 984 '
202 977 233 1024 et
251 967 274 1024 si
280 959 471 1035 immortalis,
491 976 582 1023 utrum
601 983 654 1043 pro
673 964 716 1021 luis
739 981 812 1062 qnae
833 963 881 1020 hic
903 964 975 1040 agit,
1000 954 1121 1022 dueatur
1145 962 1183 1022 ad

201 1050 347 1110 indicium
394 1048 452 1109 Sed
472 1059 503 1109 et
521 1067 592 1128 quae
611 1051 648 1108 sit
666 1049 784 1117 iustitia,
805 1067 878 1127 quae
892 1046 948 1106 deo
962 1049 1085 1126 placeat,
1105 1049 1183 1107 seire

194 1133 350 1194 desidero.
395 1135 464 1193 Tum
482 1145 646 1214 praeterea,
672 1153 697 1192 ss
688 1133 807 1195 lactus
825 1144 871 1192 est
884 1132 1014 1204 mundus,
1032 1133 1078 1194 nel
1094 1151 1183 1211 quare

177 1248 181 1254 ·
202 1222 307 1291 lactus,
327 1230 376 1278 aut
394 1220 419 1278 si
437 1218 589 1278 solvendus
608 1230 669 1291 est,
698 1238 733 1276 an
752 1219 781 1276 in
800 1219 899 1278 melius
917 1217 1110 1289 renovandus,
1135 1228 1184 1276 ant

202 1307 227 1364 si
247 1306 361 1364 omnino
387 1315 453 1384 post
478 1304 551 1363 haec
578 1325 635 1362 non
663 1305 720 1362 erit
744 1301 878 1375 mundus,
900 1315 930 1362 et
947 1322 983 1361 ne
1000 1322 1054 1381 per
1071 1303 1183 1380 singula

202 1388 384 1470 progrediar,
405 1390 476 1448 hacc
487 1401 572 1468 atque
590 1389 801 1448 lnorumsimilia
818 1398 850 1446 ut
867 1408 899 1446 se
914 1387 1047 1459 habeant,
1068 1387 1183 1447 discere

202 1489 248 1535 me
266 1476 340 1534 velle
358 1473 505 1554 respondi.
551 1473 811 1533 edisseremus:
831 1473 975 1544 Breviter,
995 1474 1097 1552 inquit,
1116 1472 1181 1544 tibi,

203 1583 220 1620 o
240 1561 384 1632 Clemens,
405 1580 499 1620 rerum
518 1561 668 1618 scientiam
686 1557 807 1630 tradam,
828 1569 859 1616 et
876 1559 1004 1618 ausculta
1020 1559 1075 1616 iam
1093 1577 1180 1616 nunc.

207 1641 209 1646 ’
247 1640 301 1705 td.
347 1646 487 1704 Voluntas
506 1643 553 1702 dei
572 1655 603 1703 et
620 1644 769 1702 consilium
787 1644 869 1701 latuit
886 1644 1016 1703 immines
1033 1640 1127 1701 multis
1144 1661 1184 1702 ex

203 1731 322 1790 caussis.
370 1729 463 1788 Primo
483 1728 594 1808 quidem
613 1746 667 1807 pro
684 1729 864 1787 institutione
881 1729 965 1800 mala,
984 1727 1184 1808 prosodalita-

202 1815 277 1874 tibus
295 1815 437 1893 pessimis,
458 1835 510 1893 pro
524 1811 731 1874 consuetudine
745 1832 878 1892 nequam,
894 1834 946 1892 pro
962 1813 1112 1891 colloquiis
1125 1833 1183 1871 non

201 1900 296 1972 honis,
334 1918 386 1979 pro
405 1899 662 1978 praesumtionibus
680 1900 770 1969 minus
790 1894 943 1971 rectis32)
976 1917 1029 1977 pro
1051 1898 1110 1968 llis,
1139 1898 1183 1955 in-

203 2003 301 2064 quam,
322 1985 465 2056 omnibus,
486 1985 604 2063 primum
623 2003 718 2055 error,
743 1982 848 2042 deinde
867 1994 1043 2054 contemtus,
1063 1994 1121 2042 tum
1139 1982 1184 2040 in·

202 2065 325 2128 fidelitas
343 2080 373 2128 ct
391 2069 507 2140 malitia,
528 2070 646 2128 avaritia
666 2085 778 2148 quoque
802 2079 833 2127 et
858 2088 930 2127 vana
947 2069 1094 2137 iactantia,
1113 2068 1184 2126 alia·

202 2168 257 2234 que
276 2155 319 2213 his
338 2154 439 2214 similia
456 2156 540 2228 mala,
560 2155 638 2215 velut
654 2155 746 2213 fumus
760 2152 894 2233 quidam
885 2173 1049 2225 immensus,
1069 2154 1184 2213 univer-

202 2261 260 2299 sam
281 2238 392 2299 domum
410 2241 492 2299 huius
510 2239 604 2299 mundi
623 2241 761 2320 replevit,
789 2250 822 2298 et
840 2238 1056 2298 habitantibus
1048 2241 1184 2298 intrinse-

202 2342 252 2385 eus
271 2324 398 2385 intuendi
417 2323 595 2385 conditorem
615 2345 705 2399 sunm,
726 2336 872 2405 aspectum
886 2326 1004 2385 liberum
1018 2319 1181 2396 condedit,

167 2434 168 2441 ¹
201 2426 296 2511 neque
315 2430 387 2511 quae
406 2413 433 2470 ei
452 2425 551 2471 esseut
572 2413 678 2491 placita
703 2410 882 2490 pervidendi.
930 2410 1004 2485 Quid
1030 2410 1118 2487 igitur
1139 2367 1184 2466 til

202 2497 249 2574 qui
268 2506 332 2553 sunt
350 2496 522 2554 intrinsecus
541 2498 695 2554 convenit?
714 2494 768 2554 nisi
786 2506 817 2553 ut
834 2515 873 2554 ex
890 2496 995 2553 intimis
1004 2488 1184 2574 praecordiis

202 2582 329 2639 elamore
350 2580 475 2657 prolato,
496 2579 655 2639 auxilium
647 2590 784 2637 invocent
810 2580 884 2647 eius,
914 2599 996 2656 quem
1023 2580 1113 2637 solum
1132 2576 1185 2636 do-

201 2680 263 2722 mus
284 2665 362 2723 inmo
380 2664 491 2743 repleta
509 2684 565 2723 non
585 2662 706 2734 clandit,
735 2672 766 2721 ut
782 2660 927 2720 accedens
945 2664 1056 2739 aperiat
1072 2665 1183 2721 ianuam

152 2812 157 2823 ,
202 2748 312 2822 domus,
335 2769 390 2828 quo
408 2750 599 2828 possitl'umus
614 2747 727 2846 quidem
741 2745 1111 2825 quiintrinsecuslsabetnr,
1133 2765 1184 2806 ex-

187 2833 306 2923 paludi,
310 2832 359 2892 lux
375 2854 446 2893 vero
465 2834 534 2892 solis
553 2851 625 2931 qqae
645 2832 825 2892 extrinsecus
844 2827 1021 2908 resplendet,
1043 2828 1150 2888 induci.

245 2914 306 2976 16.
348 2918 429 2977 Hunc
449 2938 520 2995 ergo
540 2919 586 2997 qui
605 2916 641 2974 ad
660 2917 793 2975 auxilium
811 2913 927 2985 donnus,
958 2916 1082 2993 caligine
1100 2916 1205 2993 igno-⁶
1309 2935 1310 2944 ¹

170 3042 177 3046 -
201 3003 323 3074 raetiae,
345 3013 375 3060 et
391 3003 523 3061 vitiorum
542 3004 618 3059 inmo
637 3003 783 3080 repletae,
803 3001 993 3081 perquiritur,
1021 3001 1097 3059 illum
1117 3020 1183 3059 esse
1223 2988 1233 3003 ’

201 3086 332 3159 dicimus,
353 3088 400 3165 qni
418 3087 576 3165 appellator
592 3106 678 3146 verus
696 3086 847 3166 propheta,
868 3086 915 3187 qui
933 3086 1010 3145 solus
1024 3087 1183 3145 illuminare

200 3173 308 3231 animas
330 3172 471 3231 homiuum
489 3183 602 3252 potest,
622 3174 663 3232 ita
680 3183 712 3231 nt
729 3172 820 3231 oeulis
838 3173 897 3231 suis
915 3173 987 3230 viam
996 3173 1104 3231 salutis
1122 3171 1183 3229 evi-

202 3255 331 3315 denter'
323 3258 485 3357 suspicient.
531 3256 626 3317 Aliter
657 3258 732 3317 enim
754 3257 929 3337 impossibile
956 3268 1012 3328 est,
1042 3255 1078 3315 de
1097 3254 1182 3315 relus

123 3390 125 3398 .
202 3336 304 3425 divinis
322 3343 505 3423 aeternisque
524 3361 718 3421 cognoscere,
739 3343 793 3400 nisi
811 3343 860 3421 qui
885 3341 921 3400 als
944 3342 1000 3399 isto
1026 3361 1097 3400 vero
1114 3359 1183 3419 pro-

202 3536 415 3553 m

239 3650 264 3764 ¹3
283 3650 356 3765 Qqu
365 3651 440 3698 uncis
449 3650 609 3711 inclusimus,
628 3650 720 3697 desunt
729 3650 756 3697 in
769 3652 879 3708 utroque
893 3649 949 3695 cod.
962 3647 1030 3705 Lips.
1044 3647 1070 3691 et
1084 3646 1110 3691 in
1124 3647 1182 3703 qui-

202 3724 248 3767 bus
266 3734 331 3765 amu
344 3720 383 3766 'is.

237 3804 264 3863 ²)
282 3804 359 3851 codd.
376 3804 460 3863 Lipsn.
478 3804 519 3849 luis
533 3804 641 3863 pergunt
660 3816 716 3861 cap.
733 3816 804 3860 sequ.
819 3800 962 3847 vocabulis:
982 3771 1181 3859 Impossilsile
1214 3835 1217 3841 ,
1309 3849 1310 3852 ¹

203 3884 277 3932 ergo
294 3870 330 3919 de
348 3875 441 3920 rebus
460 3870 575 3919 divinis
593 3874 656 3929 ete,
675 3867 775 3929 reliqua
792 3868 891 3915 desunt.
954 3909 959 3914 ,
