<?xml version="1.0" encoding="UTF-8"?>
<!DOCTYPE html PUBLIC "-//W3C//DTD XHTML 1.0 Transitional//EN"
    "http://www.w3.org/TR/xhtml1/DTD/xhtml1-transitional.dtd">
<html xmlns="http://www.w3.org/1999/xhtml" xml:lang="en" lang="en">
 <head>
  <title>
</title>
<meta http-equiv="Content-Type" content="text/html;charset=utf-8" />
  <meta name='ocr-system' content='tesseract 3.04.00' />
  <meta name='ocr-capabilities' content='ocr_page ocr_carea ocr_par ocr_line ocrx_word'/>
</head>
<body>
  <div class='ocr_page' id='page_1' title='image "./recognitionesru00gersgoog_0129.png"; bbox 0 0 2634 4400; ppageno 0'>
   <div class='ocr_carea' id='block_1_1' title="bbox 584 227 652 291">
    <p class='ocr_par' dir='ltr' id='par_1_1' title="bbox 584 227 652 291">
     <span class='ocr_line' id='line_1_1' title="bbox 584 227 652 291; baseline 0.015 -1"><span class='ocrx_word' id='word_1_1' title='bbox 584 227 652 291; x_wconf 72' lang='lat' dir='ltr'><strong>tart</strong></span> 
     </span>
    </p>
   </div>
   <div class='ocr_carea' id='block_1_2' title="bbox 126 425 1114 1276">
    <p class='ocr_par' dir='ltr' id='par_1_2' title="bbox 126 425 1114 1276">
     <span class='ocr_line' id='line_1_2' title="bbox 127 425 1113 518; baseline 0.007 -25"><span class='ocrx_word' id='word_1_2' title='bbox 127 437 209 513; x_wconf 86' lang='lat' dir='ltr'><strong>prius</strong></span> <span class='ocrx_word' id='word_1_3' title='bbox 228 445 330 504; x_wconf 89' lang='lat' dir='ltr'><strong>motus,</strong></span> <span class='ocrx_word' id='word_1_4' title='bbox 353 453 422 512; x_wconf 88' lang='lat' dir='ltr'><strong>quos</strong></span> <span class='ocrx_word' id='word_1_5' title='bbox 442 455 478 494; x_wconf 86' lang='lat' dir='ltr'><strong>ex</strong></span> <span class='ocrx_word' id='word_1_6' title='bbox 496 433 608 494; x_wconf 89' lang='lat' dir='ltr'><strong>arbitrii</strong></span> <span class='ocrx_word' id='word_1_7' title='bbox 628 435 762 495; x_wconf 88' lang='lat' dir='ltr'><strong>libertate</strong></span> <span class='ocrx_word' id='word_1_8' title='bbox 781 427 959 516; x_wconf 74' lang='lat' dir='ltr'><strong>proferebat,</strong></span> <span class='ocrx_word' id='word_1_9' title='bbox 989 425 1113 518; x_wconf 66' lang='lat' dir='ltr'><strong>prolite-</strong></span> 
     </span>
     <span class='ocr_line' id='line_1_3' title="bbox 126 515 1113 599; baseline 0.003 -21"><span class='ocrx_word' id='word_1_10' title='bbox 126 523 170 578; x_wconf 86' lang='lat' dir='ltr'><strong>xit</strong></span> <span class='ocrx_word' id='word_1_11' title='bbox 189 531 220 578; x_wconf 89' lang='lat' dir='ltr'><strong>et</strong></span> <span class='ocrx_word' id='word_1_12' title='bbox 239 518 379 597; x_wconf 75' lang='lat' dir='ltr'><strong>praevidit</strong></span> <span class='ocrx_word' id='word_1_13' title='bbox 398 519 527 580; x_wconf 88' lang='lat' dir='ltr'><strong>diversos</strong></span> <span class='ocrx_word' id='word_1_14' title='bbox 546 519 662 580; x_wconf 79' lang='lat' dir='ltr'><strong>ordines</strong></span> <span class='ocrx_word' id='word_1_15' title='bbox 681 522 872 599; x_wconf 79' lang='lat' dir='ltr'><strong>atipueoidoia</strong></span> <span class='ocrx_word' id='word_1_16' title='bbox 886 521 1061 594; x_wconf 75' lang='lat' dir='ltr'><strong>differentia,</strong></span> <span class='ocrx_word' id='word_1_17' title='bbox 1082 515 1113 582; x_wconf 86' lang='lat' dir='ltr'><strong>ut</strong></span> 
     </span>
     <span class='ocr_line' id='line_1_4' title="bbox 127 604 1112 668; baseline 0.006 -7"><span class='ocrx_word' id='word_1_18' title='bbox 127 624 193 662; x_wconf 90' lang='lat' dir='ltr'><strong>cnm</strong></span> <span class='ocrx_word' id='word_1_19' title='bbox 217 606 298 662; x_wconf 89' lang='lat' dir='ltr'><strong>unius</strong></span> <span class='ocrx_word' id='word_1_20' title='bbox 326 613 423 662; x_wconf 86' lang='lat' dir='ltr'><strong>essent</strong></span> <span class='ocrx_word' id='word_1_21' title='bbox 449 605 624 663; x_wconf 88' lang='lat' dir='ltr'><strong>substantiae</strong></span> <span class='ocrx_word' id='word_1_22' title='bbox 652 623 751 664; x_wconf 86' lang='lat' dir='ltr'><strong>omnes</strong></span> <span class='ocrx_word' id='word_1_23' title='bbox 778 604 932 665; x_wconf 85' lang='lat' dir='ltr'><strong>secundnm</strong></span> <span class='ocrx_word' id='word_1_24' title='bbox 960 618 1112 668; x_wconf 79' lang='lat' dir='ltr'><strong>creaturae</strong></span> 
     </span>
     <span class='ocr_line' id='line_1_5' title="bbox 127 688 1112 758; baseline 0.002 -11"><span class='ocrx_word' id='word_1_25' title='bbox 127 690 283 758; x_wconf 87' lang='lat' dir='ltr'><strong>rationem,</strong></span> <span class='ocrx_word' id='word_1_26' title='bbox 305 699 383 746; x_wconf 86' lang='lat' dir='ltr'><strong>esset</strong></span> <span class='ocrx_word' id='word_1_27' title='bbox 400 699 495 747; x_wconf 80' lang='lat' dir='ltr'><strong>tamma</strong></span> <span class='ocrx_word' id='word_1_28' title='bbox 514 688 666 748; x_wconf 85' lang='lat' dir='ltr'><strong>diversitas</strong></span> <span class='ocrx_word' id='word_1_29' title='bbox 685 691 712 747; x_wconf 89' lang='lat' dir='ltr'><strong>in</strong></span> <span class='ocrx_word' id='word_1_30' title='bbox 732 689 879 748; x_wconf 79' lang='lat' dir='ltr'><strong>ordinibus</strong></span> <span class='ocrx_word' id='word_1_31' title='bbox 899 700 928 748; x_wconf 88' lang='lat' dir='ltr'><strong>et</strong></span> <span class='ocrx_word' id='word_1_32' title='bbox 946 691 1051 749; x_wconf 84' lang='lat' dir='ltr'><strong>officiis</strong></span> <span class='ocrx_word' id='word_1_33' title='bbox 1065 711 1112 750; x_wconf 92' lang='lat' dir='ltr'><strong>se·</strong></span> 
     </span>
     <span class='ocr_line' id='line_1_6' title="bbox 128 772 1112 853; baseline 0.002 -22"><span class='ocrx_word' id='word_1_34' title='bbox 128 772 251 831; x_wconf 87' lang='lat' dir='ltr'><strong>cundum</strong></span> <span class='ocrx_word' id='word_1_35' title='bbox 271 774 405 850; x_wconf 90' lang='lat' dir='ltr'><strong>proprios</strong></span> <span class='ocrx_word' id='word_1_36' title='bbox 424 773 579 832; x_wconf 87' lang='lat' dir='ltr'><strong>animorum</strong></span> <span class='ocrx_word' id='word_1_37' title='bbox 599 783 703 843; x_wconf 75' lang='lat' dir='ltr'><strong>motum,</strong></span> <span class='ocrx_word' id='word_1_38' title='bbox 724 793 761 832; x_wconf 80' lang='lat' dir='ltr'><strong>en</strong></span> <span class='ocrx_word' id='word_1_39' title='bbox 779 773 890 833; x_wconf 88' lang='lat' dir='ltr'><strong>arbitrii</strong></span> <span class='ocrx_word' id='word_1_40' title='bbox 900 773 1035 834; x_wconf 88' lang='lat' dir='ltr'><strong>libertate</strong></span> <span class='ocrx_word' id='word_1_41' title='bbox 1046 795 1112 853; x_wconf 92' lang='lat' dir='ltr'><strong>pro·</strong></span> 
     </span>
     <span class='ocr_line' id='line_1_7' title="bbox 128 855 1114 937; baseline 0.004 -23"><span class='ocrx_word' id='word_1_42' title='bbox 128 855 279 916; x_wconf 84' lang='lat' dir='ltr'><strong>ferendos.</strong></span> <span class='ocrx_word' id='word_1_43' title='bbox 327 857 516 916; x_wconf 84' lang='lat' dir='ltr'><strong>Pruevidebat</strong></span> <span class='ocrx_word' id='word_1_44' title='bbox 534 859 734 934; x_wconf 72' lang='lat' dir='ltr'><strong>ergodoturas</strong></span> <span class='ocrx_word' id='word_1_45' title='bbox 754 861 781 916; x_wconf 92' lang='lat' dir='ltr'><strong>in</strong></span> <span class='ocrx_word' id='word_1_46' title='bbox 800 861 941 917; x_wconf 88' lang='lat' dir='ltr'><strong>creaturis</strong></span> <span class='ocrx_word' id='word_1_47' title='bbox 952 860 1061 937; x_wconf 87' lang='lat' dir='ltr'><strong>culpas,</strong></span> <span class='ocrx_word' id='word_1_48' title='bbox 1082 870 1114 918; x_wconf 89' lang='lat' dir='ltr'><strong>et</strong></span> 
     </span>
     <span class='ocr_line' id='line_1_8' title="bbox 129 941 1113 1021; baseline 0.002 -21"><span class='ocrx_word' id='word_1_49' title='bbox 129 941 256 1000; x_wconf 87' lang='lat' dir='ltr'><strong>iustitiae</strong></span> <span class='ocrx_word' id='word_1_50' title='bbox 276 941 337 1000; x_wconf 88' lang='lat' dir='ltr'><strong>eius</strong></span> <span class='ocrx_word' id='word_1_51' title='bbox 355 943 429 1000; x_wconf 89' lang='lat' dir='ltr'><strong>ratio</strong></span> <span class='ocrx_word' id='word_1_52' title='bbox 449 943 598 1019; x_wconf 87' lang='lat' dir='ltr'><strong>poscebat,</strong></span> <span class='ocrx_word' id='word_1_53' title='bbox 619 953 650 1002; x_wconf 86' lang='lat' dir='ltr'><strong>ut</strong></span> <span class='ocrx_word' id='word_1_54' title='bbox 667 942 876 1001; x_wconf 84' lang='lat' dir='ltr'><strong>emendationis</strong></span> <span class='ocrx_word' id='word_1_55' title='bbox 895 963 996 1002; x_wconf 77' lang='lat' dir='ltr'>caussa</span> <span class='ocrx_word' id='word_1_56' title='bbox 1015 943 1113 1021; x_wconf 87' lang='lat' dir='ltr'><strong>culpas</strong></span> 
     </span>
     <span class='ocr_line' id='line_1_9' title="bbox 129 1026 1113 1106; baseline 0.001 -22"><span class='ocrx_word' id='word_1_57' title='bbox 129 1045 226 1104; x_wconf 88' lang='lat' dir='ltr'><strong>poena</strong></span> <span class='ocrx_word' id='word_1_58' title='bbox 245 1036 426 1104; x_wconf 87' lang='lat' dir='ltr'><strong>sequeretur.</strong></span> <span class='ocrx_word' id='word_1_59' title='bbox 474 1026 607 1104; x_wconf 83' lang='lat' dir='ltr'><strong>Oportuit</strong></span> <span class='ocrx_word' id='word_1_60' title='bbox 626 1043 699 1106; x_wconf 77' lang='lat' dir='ltr'><strong>ergo</strong></span> <span class='ocrx_word' id='word_1_61' title='bbox 718 1044 784 1092; x_wconf 74' lang='lat' dir='ltr'><strong>esse</strong></span> <span class='ocrx_word' id='word_1_62' title='bbox 803 1038 833 1086; x_wconf 91' lang='lat' dir='ltr'><strong>et</strong></span> <span class='ocrx_word' id='word_1_63' title='bbox 851 1045 1007 1106; x_wconf 88' lang='lat' dir='ltr'><strong>poenarum</strong></span> <span class='ocrx_word' id='word_1_64' title='bbox 1030 1029 1113 1086; x_wconf 89' lang='lat' dir='ltr'><strong>mini·</strong></span> 
     </span>
     <span class='ocr_line' id='line_1_10' title="bbox 128 1109 1113 1188; baseline 0.003 -20"><span class='ocrx_word' id='word_1_65' title='bbox 128 1121 219 1182; x_wconf 88' lang='lat' dir='ltr'><strong>stros,</strong></span> <span class='ocrx_word' id='word_1_66' title='bbox 241 1129 312 1188; x_wconf 88' lang='lat' dir='ltr'><strong>quos</strong></span> <span class='ocrx_word' id='word_1_67' title='bbox 329 1120 424 1169; x_wconf 73' lang='lat' dir='ltr'><strong>minen</strong></span> <span class='ocrx_word' id='word_1_68' title='bbox 444 1109 561 1169; x_wconf 89' lang='lat' dir='ltr'><strong>libertas</strong></span> <span class='ocrx_word' id='word_1_69' title='bbox 579 1111 691 1169; x_wconf 89' lang='lat' dir='ltr'><strong>arbitrii</strong></span> <span class='ocrx_word' id='word_1_70' title='bbox 709 1113 737 1169; x_wconf 94' lang='lat' dir='ltr'><strong>in</strong></span> <span class='ocrx_word' id='word_1_71' title='bbox 756 1113 830 1170; x_wconf 91' lang='lat' dir='ltr'><strong>bunc</strong></span> <span class='ocrx_word' id='word_1_72' title='bbox 858 1110 987 1170; x_wconf 76' lang='lat' dir='ltr'><strong>ordin&#39;cm</strong></span> <span class='ocrx_word' id='word_1_73' title='bbox 1016 1109 1113 1171; x_wconf 85' lang='lat' dir='ltr'><strong>trabo-</strong></span> 
     </span>
     <span class='ocr_line' id='line_1_11' title="bbox 129 1194 1113 1276; baseline 0.002 -23"><span class='ocrx_word' id='word_1_74' title='bbox 129 1205 192 1264; x_wconf 66' lang='lat' dir='ltr'><strong>rot,</strong></span> <span class='ocrx_word' id='word_1_75' title='bbox 214 1205 331 1272; x_wconf 85' lang='lat' dir='ltr'><strong>praeter</strong></span> <span class='ocrx_word' id='word_1_76' title='bbox 349 1195 422 1252; x_wconf 89' lang='lat' dir='ltr'><strong>baec</strong></span> <span class='ocrx_word' id='word_1_77' title='bbox 440 1205 533 1254; x_wconf 85' lang='lat' dir='ltr'><strong>autent</strong></span> <span class='ocrx_word' id='word_1_78' title='bbox 553 1205 583 1254; x_wconf 89' lang='lat' dir='ltr'><strong>et</strong></span> <span class='ocrx_word' id='word_1_79' title='bbox 601 1194 763 1254; x_wconf 85' lang='lat' dir='ltr'><strong>debuerunt</strong></span> <span class='ocrx_word' id='word_1_80' title='bbox 781 1196 888 1254; x_wconf 89' lang='lat' dir='ltr'><strong>babere</strong></span> <span class='ocrx_word' id='word_1_81' title='bbox 908 1216 988 1276; x_wconf 69' lang='lat' dir='ltr'><strong>¹quon</strong></span> <span class='ocrx_word' id='word_1_82' title='bbox 1015 1197 1113 1256; x_wconf 85' lang='lat' dir='ltr'><strong>vince·</strong></span> 
     </span>
    </p>
   </div>
   <div class='ocr_carea' id='block_1_3' title="bbox 129 1279 1206 1358">
    <p class='ocr_par' dir='ltr' id='par_1_3' title="bbox 129 1279 1206 1358">
     <span class='ocr_line' id='line_1_12' title="bbox 129 1279 1206 1358; baseline 0.002 -21"><span class='ocrx_word' id='word_1_83' title='bbox 129 1288 196 1337; x_wconf 92' lang='lat' dir='ltr'><strong>rent</strong></span> <span class='ocrx_word' id='word_1_84' title='bbox 215 1279 259 1349; x_wconf 88' lang='lat' dir='ltr'><strong>bi,</strong></span> <span class='ocrx_word' id='word_1_85' title='bbox 289 1279 335 1356; x_wconf 89' lang='lat' dir='ltr'><strong>qni</strong></span> <span class='ocrx_word' id='word_1_86' title='bbox 362 1297 472 1354; x_wconf 83' lang='lat' dir='ltr'><strong>agones</strong></span> <span class='ocrx_word' id='word_1_87' title='bbox 499 1291 688 1357; x_wconf 77' lang='lat' dir='ltr'><strong>susceperant</strong></span> <span class='ocrx_word' id='word_1_88' title='bbox 714 1281 880 1338; x_wconf 88' lang='lat' dir='ltr'><strong>coelestium</strong></span> <span class='ocrx_word' id='word_1_89' title='bbox 908 1281 1109 1358; x_wconf 87' lang='lat' dir='ltr'><strong>praemiorum.</strong></span> <span class='ocrx_word' id='word_1_90' title='bbox 1200 1279 1206 1290; x_wconf 83' lang='lat'><em>&#39;</em></span> 
     </span>
    </p>
   </div>
   <div class='ocr_carea' id='block_1_4' title="bbox 103 1362 1128 3883">
    <p class='ocr_par' dir='ltr' id='par_1_4' title="bbox 130 1362 1113 1695">
     <span class='ocr_line' id='line_1_13' title="bbox 130 1362 1111 1441; baseline 0 -19"><span class='ocrx_word' id='word_1_91' title='bbox 130 1362 181 1422; x_wconf 87' lang='lat' dir='ltr'><strong>Sic</strong></span> <span class='ocrx_word' id='word_1_92' title='bbox 201 1381 274 1438; x_wconf 81' lang='lat' dir='ltr'><strong>ergo</strong></span> <span class='ocrx_word' id='word_1_93' title='bbox 293 1381 347 1421; x_wconf 90' lang='lat' dir='ltr'><strong>nec</strong></span> <span class='ocrx_word' id='word_1_94' title='bbox 366 1381 401 1422; x_wconf 89' lang='lat' dir='ltr'><strong>ea</strong></span> <span class='ocrx_word' id='word_1_95' title='bbox 420 1381 492 1441; x_wconf 88' lang='lat' dir='ltr'><strong>quae</strong></span> <span class='ocrx_word' id='word_1_96' title='bbox 511 1373 645 1440; x_wconf 89' lang='lat' dir='ltr'><strong>putantur</strong></span> <span class='ocrx_word' id='word_1_97' title='bbox 671 1364 756 1432; x_wconf 88' lang='lat' dir='ltr'><strong>mala,</strong></span> <span class='ocrx_word' id='word_1_98' title='bbox 783 1374 887 1421; x_wconf 77' lang='lat' dir='ltr'><strong>vacant</strong></span> <span class='ocrx_word' id='word_1_99' title='bbox 913 1364 949 1421; x_wconf 89' lang='lat' dir='ltr'><strong>ab</strong></span> <span class='ocrx_word' id='word_1_100' title='bbox 977 1365 1111 1435; x_wconf 87' lang='lat' dir='ltr'><strong>utilitate,</strong></span> 
     </span>
     <span class='ocr_line' id='line_1_14' title="bbox 130 1447 1113 1525; baseline -0.001 -19"><span class='ocrx_word' id='word_1_101' title='bbox 130 1447 195 1506; x_wconf 84' lang='lat' dir='ltr'><strong>dunt</strong></span> <span class='ocrx_word' id='word_1_102' title='bbox 215 1448 283 1505; x_wconf 86' lang='lat' dir='ltr'><strong>uicti</strong></span> <span class='ocrx_word' id='word_1_103' title='bbox 302 1447 344 1506; x_wconf 89' lang='lat' dir='ltr'><strong>bis</strong></span> <span class='ocrx_word' id='word_1_104' title='bbox 362 1467 379 1506; x_wconf 86' lang='lat' dir='ltr'><strong>a</strong></span> <span class='ocrx_word' id='word_1_105' title='bbox 398 1447 668 1525; x_wconf 83' lang='lat' dir='ltr'><strong>quibusvincuntur,</strong></span> <span class='ocrx_word' id='word_1_106' title='bbox 690 1448 760 1504; x_wconf 86' lang='lat' dir='ltr'><strong>licet</strong></span> <span class='ocrx_word' id='word_1_107' title='bbox 769 1448 847 1504; x_wconf 87' lang='lat' dir='ltr'><strong>inviti</strong></span> <span class='ocrx_word' id='word_1_108' title='bbox 859 1447 985 1524; x_wconf 87' lang='lat' dir='ltr'><strong>praemia</strong></span> <span class='ocrx_word' id='word_1_109' title='bbox 995 1459 1113 1506; x_wconf 87' lang='lat' dir='ltr'><strong>aeterna</strong></span> 
     </span>
     <span class='ocr_line' id='line_1_15' title="bbox 131 1531 1113 1609; baseline 0.001 -20"><span class='ocrx_word' id='word_1_110' title='bbox 131 1533 315 1609; x_wconf 88' lang='lat' dir='ltr'><strong>conquirunt.</strong></span> <span class='ocrx_word' id='word_1_111' title='bbox 363 1531 422 1590; x_wconf 86' lang='lat' dir='ltr'><strong>Sed</strong></span> <span class='ocrx_word' id='word_1_112' title='bbox 441 1531 477 1589; x_wconf 92' lang='lat' dir='ltr'><strong>dc</strong></span> <span class='ocrx_word' id='word_1_113' title='bbox 496 1531 539 1590; x_wconf 89' lang='lat' dir='ltr'><strong>his</strong></span> <span class='ocrx_word' id='word_1_114' title='bbox 557 1531 610 1590; x_wconf 84' lang='lat' dir='ltr'><strong>ista</strong></span> <span class='ocrx_word' id='word_1_115' title='bbox 629 1531 783 1602; x_wconf 84' lang='lat' dir='ltr'><strong>sufficiant,</strong></span> <span class='ocrx_word' id='word_1_116' title='bbox 803 1549 942 1609; x_wconf 90' lang='lat' dir='ltr'><strong>processu</strong></span> <span class='ocrx_word' id='word_1_117' title='bbox 956 1532 1113 1590; x_wconf 87' lang='lat' dir='ltr'><strong>enimtem·</strong></span> 
     </span>
     <span class='ocr_line' id='line_1_16' title="bbox 131 1614 683 1695; baseline 0.002 -21"><span class='ocrx_word' id='word_1_118' title='bbox 131 1617 211 1695; x_wconf 89' lang='lat' dir='ltr'><strong>poris</strong></span> <span class='ocrx_word' id='word_1_119' title='bbox 230 1617 314 1674; x_wconf 88' lang='lat' dir='ltr'><strong>etiam</strong></span> <span class='ocrx_word' id='word_1_120' title='bbox 334 1617 494 1675; x_wconf 86' lang='lat' dir='ltr'><strong>secretiora</strong></span> <span class='ocrx_word' id='word_1_121' title='bbox 511 1614 683 1695; x_wconf 85' lang='lat' dir='ltr'><strong>pandentur.</strong></span> 
     </span>
    </p>

    <p class='ocr_par' dir='ltr' id='par_1_5' title="bbox 103 1699 1115 2960">
     <span class='ocr_line' id='line_1_17' title="bbox 174 1699 1113 1780; baseline -0.001 -21"><span class='ocrx_word' id='word_1_122' title='bbox 174 1699 233 1759; x_wconf 76' lang='lat'><strong>26.</strong></span> <span class='ocrx_word' id='word_1_123' title='bbox 280 1699 364 1758; x_wconf 87' lang='lat' dir='ltr'><strong>Nunc</strong></span> <span class='ocrx_word' id='word_1_124' title='bbox 384 1718 456 1777; x_wconf 84' lang='lat' dir='ltr'><strong>ergo</strong></span> <span class='ocrx_word' id='word_1_125' title='bbox 475 1701 605 1778; x_wconf 77' lang='lat' dir='ltr'><strong>quoniam</strong></span> <span class='ocrx_word' id='word_1_126' title='bbox 617 1699 739 1759; x_wconf 91' lang='lat' dir='ltr'><strong>nondum</strong></span> <span class='ocrx_word' id='word_1_127' title='bbox 750 1701 922 1778; x_wconf 81' lang='lat' dir='ltr'><strong>intelligitis,</strong></span> <span class='ocrx_word' id='word_1_128' title='bbox 943 1711 1046 1780; x_wconf 86' lang='lat' dir='ltr'><strong>quanta</strong></span> <span class='ocrx_word' id='word_1_129' title='bbox 1061 1719 1113 1759; x_wconf 88' lang='lat' dir='ltr'><strong>vos</strong></span> 
     </span>
     <span class='ocr_line' id='line_1_18' title="bbox 130 1785 1110 1863; baseline 0 -20"><span class='ocrx_word' id='word_1_130' title='bbox 130 1785 314 1862; x_wconf 83' lang='lat' dir='ltr'><strong>ignorantiae</strong></span> <span class='ocrx_word' id='word_1_131' title='bbox 333 1785 428 1862; x_wconf 80' lang='lat' dir='ltr'><strong>caligo</strong></span> <span class='ocrx_word' id='word_1_132' title='bbox 448 1787 624 1857; x_wconf 80' lang='lat' dir='ltr'><strong>circumstet,</strong></span> <span class='ocrx_word' id='word_1_133' title='bbox 645 1787 758 1844; x_wconf 82' lang='lat' dir='ltr'><strong>interitu</strong></span> <span class='ocrx_word' id='word_1_134' title='bbox 778 1785 858 1844; x_wconf 87' lang='lat' dir='ltr'><strong>vobis</strong></span> <span class='ocrx_word' id='word_1_135' title='bbox 876 1785 1110 1863; x_wconf 80' lang='lat' dir='ltr'><strong>voloexponerta,</strong></span> 
     </span>
     <span class='ocr_line' id='line_1_19' title="bbox 130 1867 1114 1929; baseline 0 -1"><span class='ocrx_word' id='word_1_136' title='bbox 130 1868 210 1928; x_wconf 89' lang='lat' dir='ltr'><strong>unde</strong></span> <span class='ocrx_word' id='word_1_137' title='bbox 227 1869 341 1928; x_wconf 89' lang='lat' dir='ltr'><strong>colendi</strong></span> <span class='ocrx_word' id='word_1_138' title='bbox 361 1868 437 1926; x_wconf 85' lang='lat' dir='ltr'><strong>idola</strong></span> <span class='ocrx_word' id='word_1_139' title='bbox 456 1868 603 1928; x_wconf 86' lang='lat' dir='ltr'><strong>exordium</strong></span> <span class='ocrx_word' id='word_1_140' title='bbox 623 1869 727 1928; x_wconf 89' lang='lat' dir='ltr'><strong>mundo</strong></span> <span class='ocrx_word' id='word_1_141' title='bbox 741 1870 811 1928; x_wconf 83' lang='lat' dir='ltr'><strong>-bnic</strong></span> <span class='ocrx_word' id='word_1_142' title='bbox 826 1867 920 1928; x_wconf 90' lang='lat' dir='ltr'><strong>datum</strong></span> <span class='ocrx_word' id='word_1_143' title='bbox 938 1872 986 1929; x_wconf 88' lang='lat' dir='ltr'><strong>sit.</strong></span> <span class='ocrx_word' id='word_1_144' title='bbox 1033 1869 1114 1928; x_wconf 88' lang='lat' dir='ltr'><strong>ldola</strong></span> 
     </span>
     <span class='ocr_line' id='line_1_20' title="bbox 130 1953 1113 2034; baseline -0.001 -21"><span class='ocrx_word' id='word_1_145' title='bbox 130 1964 226 2013; x_wconf 82' lang='lat' dir='ltr'><strong>autern</strong></span> <span class='ocrx_word' id='word_1_146' title='bbox 245 1953 311 2012; x_wconf 90' lang='lat' dir='ltr'><strong>dico</strong></span> <span class='ocrx_word' id='word_1_147' title='bbox 331 1955 462 2012; x_wconf 77' lang='lat' dir='ltr'><strong>exanima</strong></span> <span class='ocrx_word' id='word_1_148' title='bbox 475 1955 626 2013; x_wconf 87' lang='lat' dir='ltr'><strong>simulacra</strong></span> <span class='ocrx_word' id='word_1_149' title='bbox 644 1956 833 2034; x_wconf 88' lang='lat' dir='ltr'><strong>quaecolitis,</strong></span> <span class='ocrx_word' id='word_1_150' title='bbox 854 1956 915 2013; x_wconf 89' lang='lat' dir='ltr'><strong>siva</strong></span> <span class='ocrx_word' id='word_1_151' title='bbox 925 1955 1032 2033; x_wconf 83' lang='lat' dir='ltr'><strong>lignea,</strong></span> <span class='ocrx_word' id='word_1_152' title='bbox 1052 1954 1113 2013; x_wconf 82' lang='lat' dir='ltr'><strong>siva</strong></span> 
     </span>
     <span class='ocr_line' id='line_1_21' title="bbox 132 2037 1113 2117; baseline 0.003 -21"><span class='ocrx_word' id='word_1_153' title='bbox 132 2039 242 2108; x_wconf 83' lang='lat' dir='ltr'><strong>fictilia,</strong></span> <span class='ocrx_word' id='word_1_154' title='bbox 272 2039 333 2096; x_wconf 87' lang='lat' dir='ltr'><strong>sive</strong></span> <span class='ocrx_word' id='word_1_155' title='bbox 360 2037 484 2116; x_wconf 85' lang='lat' dir='ltr'><strong>lapidea,</strong></span> <span class='ocrx_word' id='word_1_156' title='bbox 514 2039 559 2098; x_wconf 88' lang='lat' dir='ltr'><strong>vel</strong></span> <span class='ocrx_word' id='word_1_157' title='bbox 585 2051 673 2098; x_wconf 88' lang='lat' dir='ltr'><strong>aerea</strong></span> <span class='ocrx_word' id='word_1_158' title='bbox 699 2040 744 2097; x_wconf 88' lang='lat' dir='ltr'><strong>vel</strong></span> <span class='ocrx_word' id='word_1_159' title='bbox 764 2058 800 2098; x_wconf 79' lang='lat' dir='ltr'><strong>en</strong></span> <span class='ocrx_word' id='word_1_160' title='bbox 819 2039 1031 2117; x_wconf 80' lang='lat' dir='ltr'><strong>quibuscunque</strong></span> <span class='ocrx_word' id='word_1_161' title='bbox 1049 2040 1113 2099; x_wconf 88' lang='lat' dir='ltr'><strong>aliis</strong></span> 
     </span>
     <span class='ocr_line' id='line_1_22' title="bbox 132 2123 1114 2202; baseline -0.002 -20"><span class='ocrx_word' id='word_1_162' title='bbox 132 2133 224 2182; x_wconf 87' lang='lat' dir='ltr'><strong>sumta</strong></span> <span class='ocrx_word' id='word_1_163' title='bbox 243 2133 307 2181; x_wconf 79' lang='lat' dir='ltr'><strong>suunt</strong></span> <span class='ocrx_word' id='word_1_164' title='bbox 325 2123 462 2195; x_wconf 82' lang='lat' dir='ltr'><strong>metallis3</strong></span> <span class='ocrx_word' id='word_1_165' title='bbox 484 2123 582 2182; x_wconf 81' lang='lat' dir='ltr'><strong>luorum</strong></span> <span class='ocrx_word' id='word_1_166' title='bbox 603 2142 675 2202; x_wconf 77' lang='lat' dir='ltr'><strong>ergo</strong></span> <span class='ocrx_word' id='word_1_167' title='bbox 693 2125 802 2181; x_wconf 90' lang='lat' dir='ltr'><strong>initium</strong></span> <span class='ocrx_word' id='word_1_168' title='bbox 828 2123 886 2181; x_wconf 89' lang='lat' dir='ltr'><strong>talc</strong></span> <span class='ocrx_word' id='word_1_169' title='bbox 906 2132 961 2181; x_wconf 84' lang='lat' dir='ltr'><strong>est.</strong></span> <span class='ocrx_word' id='word_1_170' title='bbox 1007 2123 1114 2199; x_wconf 84' lang='lat' dir='ltr'><strong>Angeli</strong></span> 
     </span>
     <span class='ocr_line' id='line_1_23' title="bbox 132 2206 1114 2286; baseline -0.001 -20"><span class='ocrx_word' id='word_1_171' title='bbox 132 2206 245 2286; x_wconf 89' lang='lat' dir='ltr'><strong>quidam</strong></span> <span class='ocrx_word' id='word_1_172' title='bbox 264 2208 367 2267; x_wconf 86' lang='lat' dir='ltr'><strong>relicto</strong></span> <span class='ocrx_word' id='word_1_173' title='bbox 386 2210 496 2286; x_wconf 89' lang='lat' dir='ltr'><strong>proprii</strong></span> <span class='ocrx_word' id='word_1_174' title='bbox 515 2208 623 2265; x_wconf 84' lang='lat' dir='ltr'><strong>ordinis</strong></span> <span class='ocrx_word' id='word_1_175' title='bbox 642 2226 738 2278; x_wconf 88' lang='lat' dir='ltr'><strong>curso,</strong></span> <span class='ocrx_word' id='word_1_176' title='bbox 759 2208 900 2265; x_wconf 90' lang='lat' dir='ltr'><strong>bominum</strong></span> <span class='ocrx_word' id='word_1_177' title='bbox 920 2208 1018 2265; x_wconf 81' lang='lat' dir='ltr'><strong>lavere</strong></span> <span class='ocrx_word' id='word_1_178' title='bbox 1036 2208 1114 2265; x_wconf 88' lang='lat' dir='ltr'><strong>vitiis</strong></span> 
     </span>
     <span class='ocr_line' id='line_1_24' title="bbox 103 2288 1113 2369; baseline -0.002 -20"><span class='ocrx_word' id='word_1_179' title='bbox 103 2344 109 2349; x_wconf 87' lang='lat'>.</span> <span class='ocrx_word' id='word_1_180' title='bbox 132 2310 262 2369; x_wconf 85' lang='lat' dir='ltr'><strong>coepere</strong></span> <span class='ocrx_word' id='word_1_181' title='bbox 281 2302 311 2351; x_wconf 86' lang='lat' dir='ltr'><strong>et</strong></span> <span class='ocrx_word' id='word_1_182' title='bbox 329 2290 438 2351; x_wconf 81' lang='lat' dir='ltr'><strong>libidini</strong></span> <span class='ocrx_word' id='word_1_183' title='bbox 458 2310 556 2352; x_wconf 85' lang='lat' dir='ltr'><strong>eorum</strong></span> <span class='ocrx_word' id='word_1_184' title='bbox 576 2288 783 2369; x_wconf 84' lang='lat' dir='ltr'><strong>quodammodo</strong></span> <span class='ocrx_word' id='word_1_185' title='bbox 806 2288 951 2366; x_wconf 83' lang='lat' dir='ltr'><strong>indignum</strong></span> <span class='ocrx_word' id='word_1_186' title='bbox 971 2290 1113 2367; x_wconf 88' lang='lat' dir='ltr'><strong>praebere</strong></span> 
     </span>
     <span class='ocr_line' id='line_1_25' title="bbox 131 2374 1114 2455; baseline -0.003 -20"><span class='ocrx_word' id='word_1_187' title='bbox 131 2377 330 2447; x_wconf 89' lang='lat' dir='ltr'><strong>ministerium,</strong></span> <span class='ocrx_word' id='word_1_188' title='bbox 352 2396 406 2455; x_wconf 86' lang='lat' dir='ltr'><strong>quo</strong></span> <span class='ocrx_word' id='word_1_189' title='bbox 425 2376 536 2434; x_wconf 89' lang='lat' dir='ltr'><strong>illorum</strong></span> <span class='ocrx_word' id='word_1_190' title='bbox 557 2394 645 2453; x_wconf 90' lang='lat' dir='ltr'><strong>opera</strong></span> <span class='ocrx_word' id='word_1_191' title='bbox 665 2376 724 2433; x_wconf 87' lang='lat' dir='ltr'><strong>suis</strong></span> <span class='ocrx_word' id='word_1_192' title='bbox 742 2375 832 2450; x_wconf 77' lang='lat' dir='ltr'><strong>magis</strong></span> <span class='ocrx_word' id='word_1_193' title='bbox 849 2374 1039 2451; x_wconf 85' lang='lat' dir='ltr'><strong>voluptatibus</strong></span> <span class='ocrx_word' id='word_1_194' title='bbox 1054 2394 1114 2432; x_wconf 90' lang='lat' dir='ltr'><strong>mo·</strong></span> 
     </span>
     <span class='ocr_line' id='line_1_26' title="bbox 132 2455 1114 2539; baseline -0.005 -20"><span class='ocrx_word' id='word_1_195' title='bbox 132 2480 194 2519; x_wconf 87' lang='lat' dir='ltr'><strong>rcnr</strong></span> <span class='ocrx_word' id='word_1_196' title='bbox 215 2471 364 2537; x_wconf 81' lang='lat' dir='ltr'><strong>gererent,</strong></span> <span class='ocrx_word' id='word_1_197' title='bbox 385 2462 489 2539; x_wconf 88' lang='lat' dir='ltr'><strong>quique</strong></span> <span class='ocrx_word' id='word_1_198' title='bbox 507 2478 544 2519; x_wconf 86' lang='lat' dir='ltr'><strong>no</strong></span> <span class='ocrx_word' id='word_1_199' title='bbox 563 2470 666 2537; x_wconf 87' lang='lat' dir='ltr'><strong>sponte</strong></span> <span class='ocrx_word' id='word_1_200' title='bbox 686 2459 812 2518; x_wconf 90' lang='lat' dir='ltr'><strong>inclinati</strong></span> <span class='ocrx_word' id='word_1_201' title='bbox 832 2455 999 2517; x_wconf 86' lang='lat' dir='ltr'><strong>viderentur</strong></span> <span class='ocrx_word' id='word_1_202' title='bbox 1016 2456 1053 2515; x_wconf 87' lang='lat' dir='ltr'><strong>ad</strong></span> <span class='ocrx_word' id='word_1_203' title='bbox 1071 2458 1114 2515; x_wconf 90' lang='lat' dir='ltr'><strong>in·</strong></span> 
     </span>
     <span class='ocr_line' id='line_1_27' title="bbox 133 2541 1114 2623; baseline -0.003 -20"><span class='ocrx_word' id='word_1_204' title='bbox 133 2544 222 2623; x_wconf 74' lang='lat' dir='ltr'><strong>digna</strong></span> <span class='ocrx_word' id='word_1_205' title='bbox 241 2545 408 2617; x_wconf 87' lang='lat' dir='ltr'><strong>ministeria,</strong></span> <span class='ocrx_word' id='word_1_206' title='bbox 430 2542 590 2603; x_wconf 86' lang='lat' dir='ltr'><strong>docuerunt</strong></span> <span class='ocrx_word' id='word_1_207' title='bbox 609 2544 747 2614; x_wconf 84' lang='lat' dir='ltr'><strong>homines,</strong></span> <span class='ocrx_word' id='word_1_208' title='bbox 778 2541 853 2623; x_wconf 89' lang='lat' dir='ltr'><strong>quod</strong></span> <span class='ocrx_word' id='word_1_209' title='bbox 872 2541 1026 2601; x_wconf 85' lang='lat' dir='ltr'><strong>decarones</strong></span> <span class='ocrx_word' id='word_1_210' title='bbox 1044 2542 1114 2601; x_wconf 88' lang='lat' dir='ltr'><strong>arti·</strong></span> 
     </span>
     <span class='ocr_line' id='line_1_28' title="bbox 131 2626 1114 2706; baseline -0.002 -19"><span class='ocrx_word' id='word_1_211' title='bbox 131 2630 186 2687; x_wconf 92' lang='lat' dir='ltr'><strong>bus</strong></span> <span class='ocrx_word' id='word_1_212' title='bbox 206 2627 370 2706; x_wconf 87' lang='lat' dir='ltr'><strong>quibusdam</strong></span> <span class='ocrx_word' id='word_1_213' title='bbox 390 2629 510 2689; x_wconf 86' lang='lat' dir='ltr'><strong>obedire</strong></span> <span class='ocrx_word' id='word_1_214' title='bbox 529 2628 707 2698; x_wconf 76' lang='lat' dir='ltr'><strong>mortalibus,</strong></span> <span class='ocrx_word' id='word_1_215' title='bbox 727 2626 830 2700; x_wconf 81' lang='lat' dir='ltr'><strong>idest,</strong></span> <span class='ocrx_word' id='word_1_216' title='bbox 851 2628 970 2705; x_wconf 84' lang='lat' dir='ltr'><strong>magicis</strong></span> <span class='ocrx_word' id='word_1_217' title='bbox 997 2629 1114 2686; x_wconf 86' lang='lat' dir='ltr'><strong>invoca·</strong></span> 
     </span>
     <span class='ocr_line' id='line_1_29' title="bbox 132 2710 1115 2791; baseline 0 -20"><span class='ocrx_word' id='word_1_218' title='bbox 132 2713 259 2771; x_wconf 87' lang='lat' dir='ltr'><strong>tionibus</strong></span> <span class='ocrx_word' id='word_1_219' title='bbox 278 2724 407 2791; x_wconf 87' lang='lat' dir='ltr'><strong>possent,</strong></span> <span class='ocrx_word' id='word_1_220' title='bbox 428 2733 462 2772; x_wconf 87' lang='lat' dir='ltr'><strong>ac</strong></span> <span class='ocrx_word' id='word_1_221' title='bbox 481 2715 559 2773; x_wconf 90' lang='lat' dir='ltr'><strong>velut</strong></span> <span class='ocrx_word' id='word_1_222' title='bbox 585 2722 622 2772; x_wconf 84' lang='lat' dir='ltr'><strong>&#39;ex</strong></span> <span class='ocrx_word' id='word_1_223' title='bbox 648 2715 768 2771; x_wconf 83' lang='lat' dir='ltr'><strong>fornace</strong></span> <span class='ocrx_word' id='word_1_224' title='bbox 796 2710 914 2791; x_wconf 86' lang='lat' dir='ltr'><strong>quadam</strong></span> <span class='ocrx_word' id='word_1_225' title='bbox 942 2722 972 2771; x_wconf 89' lang='lat' dir='ltr'><strong>et</strong></span> <span class='ocrx_word' id='word_1_226' title='bbox 998 2712 1115 2771; x_wconf 82' lang='lat' dir='ltr'><strong>officina</strong></span> 
     </span>
     <span class='ocr_line' id='line_1_30' title="bbox 132 2796 1114 2876; baseline -0.002 -19"><span class='ocrx_word' id='word_1_227' title='bbox 132 2798 260 2857; x_wconf 89' lang='lat' dir='ltr'><strong>malitiae</strong></span> <span class='ocrx_word' id='word_1_228' title='bbox 279 2808 367 2857; x_wconf 91' lang='lat' dir='ltr'><strong>totum</strong></span> <span class='ocrx_word' id='word_1_229' title='bbox 385 2797 528 2871; x_wconf 89' lang='lat' dir='ltr'><strong>mundum,</strong></span> <span class='ocrx_word' id='word_1_230' title='bbox 549 2796 695 2857; x_wconf 88' lang='lat' dir='ltr'><strong>subtracto</strong></span> <span class='ocrx_word' id='word_1_231' title='bbox 714 2798 831 2876; x_wconf 87' lang='lat' dir='ltr'><strong>pietatis</strong></span> <span class='ocrx_word' id='word_1_232' title='bbox 849 2797 965 2868; x_wconf 88' lang='lat' dir='ltr'><strong>lumine,</strong></span> <span class='ocrx_word' id='word_1_233' title='bbox 984 2798 1114 2876; x_wconf 81' lang='lat' dir='ltr'><strong>impieta·</strong></span> 
     </span>
     <span class='ocr_line' id='line_1_31' title="bbox 132 2882 483 2960; baseline 0.006 -20"><span class='ocrx_word' id='word_1_234' title='bbox 132 2882 170 2940; x_wconf 87' lang='lat' dir='ltr'><strong>tls</strong></span> <span class='ocrx_word' id='word_1_235' title='bbox 193 2882 269 2939; x_wconf 78' lang='lat' dir='ltr'><strong>luteo</strong></span> <span class='ocrx_word' id='word_1_236' title='bbox 288 2883 483 2960; x_wconf 86' lang='lat' dir='ltr'><strong>repleverunt.</strong></span> 
     </span>
    </p>

    <p class='ocr_par' dir='ltr' id='par_1_6' title="bbox 131 2964 1128 3883">
     <span class='ocr_line' id='line_1_32' title="bbox 177 2964 1114 3027; baseline -0.001 -4"><span class='ocrx_word' id='word_1_237' title='bbox 177 2964 231 3023; x_wconf 75' lang='lat'><strong>27.</strong></span> <span class='ocrx_word' id='word_1_238' title='bbox 280 2964 335 3022; x_wconf 88' lang='lat' dir='ltr'><strong>Pro</strong></span> <span class='ocrx_word' id='word_1_239' title='bbox 362 2966 406 3023; x_wconf 79' lang='lat' dir='ltr'><strong>lais</strong></span> <span class='ocrx_word' id='word_1_240' title='bbox 433 2976 463 3024; x_wconf 86' lang='lat' dir='ltr'><strong>et</strong></span> <span class='ocrx_word' id='word_1_241' title='bbox 488 2966 551 3024; x_wconf 88' lang='lat' dir='ltr'><strong>aliis</strong></span> <span class='ocrx_word' id='word_1_242' title='bbox 570 2969 711 3027; x_wconf 84' lang='lat' dir='ltr'><strong>nonnuliis</strong></span> <span class='ocrx_word' id='word_1_243' title='bbox 734 2968 842 3025; x_wconf 80' lang='lat' dir='ltr'><strong>caussis</strong></span> <span class='ocrx_word' id='word_1_244' title='bbox 861 2964 992 3024; x_wconf 83' lang='lat' dir='ltr'><strong>diluuium</strong></span> <span class='ocrx_word' id='word_1_245' title='bbox 1012 2964 1114 3023; x_wconf 91' lang='lat' dir='ltr'><strong>mundo</strong></span> 
     </span>
     <span class='ocr_line' id='line_1_33' title="bbox 131 3046 1113 3129; baseline -0.004 -21"><span class='ocrx_word' id='word_1_246' title='bbox 131 3046 326 3108; x_wconf 88' lang='lat' dir='ltr'><strong>introductum</strong></span> <span class='ocrx_word' id='word_1_247' title='bbox 347 3058 402 3118; x_wconf 86' lang='lat' dir='ltr'><strong>est,</strong></span> <span class='ocrx_word' id='word_1_248' title='bbox 423 3050 498 3107; x_wconf 86' lang='lat' dir='ltr'><strong>sicut</strong></span> <span class='ocrx_word' id='word_1_249' title='bbox 515 3050 569 3106; x_wconf 89' lang='lat' dir='ltr'><strong>iam</strong></span> <span class='ocrx_word' id='word_1_250' title='bbox 587 3050 616 3105; x_wconf 90' lang='lat' dir='ltr'><strong>in</strong></span> <span class='ocrx_word' id='word_1_251' title='bbox 636 3050 700 3107; x_wconf 90' lang='lat' dir='ltr'><strong>aliis</strong></span> <span class='ocrx_word' id='word_1_252' title='bbox 717 3048 824 3107; x_wconf 88' lang='lat' dir='ltr'><strong>dictum</strong></span> <span class='ocrx_word' id='word_1_253' title='bbox 852 3060 896 3106; x_wconf 88' lang='lat' dir='ltr'><strong>cst</strong></span> <span class='ocrx_word' id='word_1_254' title='bbox 914 3058 944 3106; x_wconf 90' lang='lat' dir='ltr'><strong>et</strong></span> <span class='ocrx_word' id='word_1_255' title='bbox 970 3048 1113 3129; x_wconf 68' lang='lat' dir='ltr'><strong>dicemus,</strong></span> 
     </span>
     <span class='ocr_line' id='line_1_34' title="bbox 131 3128 1115 3209; baseline -0.005 -16"><span class='ocrx_word' id='word_1_256' title='bbox 131 3145 164 3193; x_wconf 89' lang='lat' dir='ltr'><strong>et</strong></span> <span class='ocrx_word' id='word_1_257' title='bbox 184 3150 283 3190; x_wconf 81' lang='lat' dir='ltr'><strong>cnuncs</strong></span> <span class='ocrx_word' id='word_1_258' title='bbox 302 3132 348 3209; x_wconf 90' lang='lat' dir='ltr'><strong>qui</strong></span> <span class='ocrx_word' id='word_1_259' title='bbox 368 3140 450 3189; x_wconf 88' lang='lat' dir='ltr'><strong>erant</strong></span> <span class='ocrx_word' id='word_1_260' title='bbox 468 3150 555 3209; x_wconf 90' lang='lat' dir='ltr'><strong>snper</strong></span> <span class='ocrx_word' id='word_1_261' title='bbox 573 3142 681 3203; x_wconf 87' lang='lat' dir='ltr'><strong>terras,</strong></span> <span class='ocrx_word' id='word_1_262' title='bbox 702 3132 790 3189; x_wconf 89' lang='lat' dir='ltr'><strong>deleti</strong></span> <span class='ocrx_word' id='word_1_263' title='bbox 817 3141 883 3189; x_wconf 87' lang='lat' dir='ltr'><strong>sunt</strong></span> <span class='ocrx_word' id='word_1_264' title='bbox 909 3142 1032 3208; x_wconf 79' lang='lat' dir='ltr'><strong>excepta</strong></span> <span class='ocrx_word' id='word_1_265' title='bbox 1051 3128 1115 3188; x_wconf 89' lang='lat' dir='ltr'><strong>Noa</strong></span> 
     </span>
     <span class='ocr_line' id='line_1_35' title="bbox 132 3214 1113 3293; baseline -0.006 -16"><span class='ocrx_word' id='word_1_266' title='bbox 132 3216 254 3285; x_wconf 80' lang='lat' dir='ltr'><strong>familia,</strong></span> <span class='ocrx_word' id='word_1_267' title='bbox 276 3216 322 3293; x_wconf 93' lang='lat' dir='ltr'><strong>qui</strong></span> <span class='ocrx_word' id='word_1_268' title='bbox 341 3234 403 3275; x_wconf 87' lang='lat' dir='ltr'><strong>enm</strong></span> <span class='ocrx_word' id='word_1_269' title='bbox 421 3214 511 3274; x_wconf 91' lang='lat' dir='ltr'><strong>tribus</strong></span> <span class='ocrx_word' id='word_1_270' title='bbox 538 3215 604 3275; x_wconf 86' lang='lat' dir='ltr'><strong>filiis</strong></span> <span class='ocrx_word' id='word_1_271' title='bbox 628 3234 783 3293; x_wconf 88' lang='lat' dir='ltr'><strong>eorumque</strong></span> <span class='ocrx_word' id='word_1_272' title='bbox 801 3214 937 3273; x_wconf 77' lang='lat' dir='ltr'><strong>uxoribus</strong></span> <span class='ocrx_word' id='word_1_273' title='bbox 963 3214 1113 3292; x_wconf 80' lang='lat' dir='ltr'><strong>superfuit.</strong></span> 
     </span>
     <span class='ocr_line' id='line_1_36' title="bbox 132 3298 1116 3377; baseline -0.006 -16"><span class='ocrx_word' id='word_1_274' title='bbox 132 3302 180 3361; x_wconf 86' lang='lat' dir='ltr'><strong>Ex</strong></span> <span class='ocrx_word' id='word_1_275' title='bbox 207 3298 306 3376; x_wconf 89' lang='lat' dir='ltr'><strong>quibus</strong></span> <span class='ocrx_word' id='word_1_276' title='bbox 333 3318 403 3359; x_wconf 93' lang='lat' dir='ltr'><strong>unus</strong></span> <span class='ocrx_word' id='word_1_277' title='bbox 431 3300 516 3359; x_wconf 86' lang='lat' dir='ltr'><strong>Clam</strong></span> <span class='ocrx_word' id='word_1_278' title='bbox 545 3300 679 3370; x_wconf 88' lang='lat' dir='ltr'><strong>nornine,</strong></span> <span class='ocrx_word' id='word_1_279' title='bbox 709 3298 819 3358; x_wconf 88' lang='lat' dir='ltr'><strong>cuidam</strong></span> <span class='ocrx_word' id='word_1_280' title='bbox 847 3318 884 3357; x_wconf 88' lang='lat' dir='ltr'><strong>cx</strong></span> <span class='ocrx_word' id='word_1_281' title='bbox 901 3298 967 3356; x_wconf 88' lang='lat' dir='ltr'><strong>liliis</strong></span> <span class='ocrx_word' id='word_1_282' title='bbox 993 3300 1052 3357; x_wconf 83' lang='lat' dir='ltr'><strong>suis</strong></span> <span class='ocrx_word' id='word_1_283' title='bbox 1070 3298 1116 3377; x_wconf 94' lang='lat' dir='ltr'><strong>qui</strong></span> 
     </span>
     <span class='ocr_line' id='line_1_37' title="bbox 133 3382 1116 3463; baseline -0.003 -20"><span class='ocrx_word' id='word_1_284' title='bbox 133 3384 269 3443; x_wconf 85' lang='lat' dir='ltr'><strong>blesroim</strong></span> <span class='ocrx_word' id='word_1_285' title='bbox 289 3382 497 3463; x_wconf 79' lang='lat' dir='ltr'><strong>appellabatur,</strong></span> <span class='ocrx_word' id='word_1_286' title='bbox 518 3404 535 3443; x_wconf 86' lang='lat' dir='ltr'><strong>a</strong></span> <span class='ocrx_word' id='word_1_287' title='bbox 554 3404 609 3463; x_wconf 92' lang='lat' dir='ltr'><strong>quo</strong></span> <span class='ocrx_word' id='word_1_288' title='bbox 627 3382 836 3463; x_wconf 76' lang='lat' dir='ltr'><strong>Aegyptiorum</strong></span> <span class='ocrx_word' id='word_1_289' title='bbox 856 3394 885 3443; x_wconf 90' lang='lat' dir='ltr'><strong>et</strong></span> <span class='ocrx_word' id='word_1_290' title='bbox 895 3382 1116 3461; x_wconf 76' lang='lat' dir='ltr'><strong>babyloniorum</strong></span> 
     </span>
     <span class='ocr_line' id='line_1_38' title="bbox 135 3467 1117 3546; baseline -0.002 -19"><span class='ocrx_word' id='word_1_291' title='bbox 135 3478 168 3527; x_wconf 89' lang='lat' dir='ltr'><strong>et</strong></span> <span class='ocrx_word' id='word_1_292' title='bbox 186 3468 335 3526; x_wconf 86' lang='lat' dir='ltr'><strong>Persarum</strong></span> <span class='ocrx_word' id='word_1_293' title='bbox 355 3467 470 3527; x_wconf 88' lang='lat' dir='ltr'><strong>ducitur</strong></span> <span class='ocrx_word' id='word_1_294' title='bbox 487 3486 590 3545; x_wconf 79' lang='lat' dir='ltr'><strong>genus,</strong></span> <span class='ocrx_word' id='word_1_295' title='bbox 611 3469 684 3527; x_wconf 90' lang='lat' dir='ltr'><strong>male</strong></span> <span class='ocrx_word' id='word_1_296' title='bbox 703 3478 878 3546; x_wconf 86' lang='lat' dir='ltr'><strong>compertam</strong></span> <span class='ocrx_word' id='word_1_297' title='bbox 898 3468 1028 3543; x_wconf 83' lang='lat' dir='ltr'><strong>magicae</strong></span> <span class='ocrx_word' id='word_1_298' title='bbox 1047 3468 1117 3525; x_wconf 89' lang='lat' dir='ltr'><strong>artis</strong></span> 
     </span>
     <span class='ocr_line' id='line_1_39' title="bbox 134 3549 1119 3631; baseline -0.003 -20"><span class='ocrx_word' id='word_1_299' title='bbox 134 3549 254 3611; x_wconf 88' lang='lat' dir='ltr'><strong>tradidit</strong></span> <span class='ocrx_word' id='word_1_300' title='bbox 272 3552 465 3631; x_wconf 80' lang='lat' dir='ltr'><strong>disciplinam3</strong></span> <span class='ocrx_word' id='word_1_301' title='bbox 486 3553 559 3611; x_wconf 89' lang='lat' dir='ltr'><strong>bunc</strong></span> <span class='ocrx_word' id='word_1_302' title='bbox 579 3564 682 3629; x_wconf 80' lang='lat' dir='ltr'><strong>gentes</strong></span> <span class='ocrx_word' id='word_1_303' title='bbox 710 3570 781 3630; x_wconf 87' lang='lat' dir='ltr'><strong>quac</strong></span> <span class='ocrx_word' id='word_1_304' title='bbox 809 3562 876 3609; x_wconf 87' lang='lat' dir='ltr'><strong>tunc</strong></span> <span class='ocrx_word' id='word_1_305' title='bbox 904 3562 987 3609; x_wconf 85' lang='lat' dir='ltr'><strong>erant</strong></span> <span class='ocrx_word' id='word_1_306' title='bbox 1008 3552 1119 3608; x_wconf 82' lang='lat' dir='ltr'><strong>Zoroa-</strong></span> 
     </span>
     <span class='ocr_line' id='line_1_40' title="bbox 136 3634 1118 3715; baseline -0.003 -21"><span class='ocrx_word' id='word_1_307' title='bbox 136 3646 224 3695; x_wconf 86' lang='lat' dir='ltr'><strong>strem</strong></span> <span class='ocrx_word' id='word_1_308' title='bbox 245 3638 470 3715; x_wconf 86' lang='lat' dir='ltr'><strong>appellaverunt,</strong></span> <span class='ocrx_word' id='word_1_309' title='bbox 492 3634 664 3695; x_wconf 87' lang='lat' dir='ltr'><strong>admirantes</strong></span> <span class='ocrx_word' id='word_1_310' title='bbox 682 3637 801 3714; x_wconf 92' lang='lat' dir='ltr'><strong>primum</strong></span> <span class='ocrx_word' id='word_1_311' title='bbox 820 3636 948 3712; x_wconf 82' lang='lat' dir='ltr'><strong>magicae</strong></span> <span class='ocrx_word' id='word_1_312' title='bbox 972 3636 1041 3692; x_wconf 87' lang='lat' dir='ltr'><strong>artis</strong></span> <span class='ocrx_word' id='word_1_313' title='bbox 1068 3654 1118 3692; x_wconf 89' lang='lat' dir='ltr'><strong>au·</strong></span> 
     </span>
     <span class='ocr_line' id='line_1_41' title="bbox 136 3718 1128 3798; baseline -0.002 -22"><span class='ocrx_word' id='word_1_314' title='bbox 136 3732 241 3787; x_wconf 87' lang='lat' dir='ltr'><strong>turam,</strong></span> <span class='ocrx_word' id='word_1_315' title='bbox 263 3720 342 3778; x_wconf 85' lang='lat' dir='ltr'><strong>cuius</strong></span> <span class='ocrx_word' id='word_1_316' title='bbox 361 3722 474 3778; x_wconf 90' lang='lat' dir='ltr'><strong>nominc</strong></span> <span class='ocrx_word' id='word_1_317' title='bbox 495 3722 579 3779; x_wconf 90' lang='lat' dir='ltr'><strong>etiam</strong></span> <span class='ocrx_word' id='word_1_318' title='bbox 599 3721 663 3778; x_wconf 90' lang='lat' dir='ltr'><strong>libri</strong></span> <span class='ocrx_word' id='word_1_319' title='bbox 682 3720 832 3798; x_wconf 90' lang='lat' dir='ltr'><strong>superboc</strong></span> <span class='ocrx_word' id='word_1_320' title='bbox 843 3719 953 3796; x_wconf 89' lang='lat' dir='ltr'><strong>plurimi</strong></span> <span class='ocrx_word' id='word_1_321' title='bbox 965 3718 1128 3781; x_wconf 66' lang='lat' dir='ltr'><strong>habentur„</strong></span> 
     </span>
     <span class='ocr_line' id='line_1_42' title="bbox 136 3802 1118 3883; baseline -0.002 -20"><span class='ocrx_word' id='word_1_322' title='bbox 136 3802 191 3863; x_wconf 88' lang='lat' dir='ltr'><strong>llic</strong></span> <span class='ocrx_word' id='word_1_323' title='bbox 211 3821 282 3880; x_wconf 80' lang='lat' dir='ltr'><strong>argo</strong></span> <span class='ocrx_word' id='word_1_324' title='bbox 300 3805 384 3864; x_wconf 88' lang='lat' dir='ltr'><strong>astris</strong></span> <span class='ocrx_word' id='word_1_325' title='bbox 402 3805 515 3865; x_wconf 87' lang='lat' dir='ltr'><strong>multum</strong></span> <span class='ocrx_word' id='word_1_326' title='bbox 543 3824 576 3865; x_wconf 91' lang='lat' dir='ltr'><strong>ac</strong></span> <span class='ocrx_word' id='word_1_327' title='bbox 604 3804 772 3883; x_wconf 78' lang='lat' dir='ltr'><strong>frequenter</strong></span> <span class='ocrx_word' id='word_1_328' title='bbox 798 3805 934 3872; x_wconf 88' lang='lat' dir='ltr'><strong>intentus,</strong></span> <span class='ocrx_word' id='word_1_329' title='bbox 963 3812 993 3861; x_wconf 88' lang='lat' dir='ltr'><strong>et</strong></span> <span class='ocrx_word' id='word_1_330' title='bbox 1018 3803 1118 3861; x_wconf 86' lang='lat' dir='ltr'><strong>volens</strong></span> 
     </span>
    </p>
   </div>
   <div class='ocr_carea' id='block_1_5' title="bbox 0 0 1333 4400">
    <p class='ocr_par' dir='ltr' id='par_1_7' title="bbox 0 0 1333 4400">
     <span class='ocr_line' id='line_1_43' title="bbox 0 0 1333 4400; baseline 0 0"><span class='ocrx_word' id='word_1_331' title='bbox 0 0 1333 4400; x_wconf 95' lang='lat' dir='ltr'><strong> </strong></span> 
     </span>
    </p>
   </div>
  </div>
 </body>
</html>
