2634 4400
667 287 712 348 49

581 379 795 394 n——n--n-fl

199 505 291 554 autem
311 497 404 552 emula
423 505 452 553 et
471 497 531 572 ipse
551 490 649 554 Simon
667 491 932 556 vehementissimus
951 501 996 550 est
1013 501 1124 563 orator,
1148 493 1181 552 iu

198 591 260 638 urle
279 577 430 640 dialectica
454 590 484 637 et
505 579 734 660 syllogismorum
760 575 912 636 tendiculis
930 578 1081 646 enutritus,
1101 575 1181 656 quod

198 675 292 724 nutem
311 675 356 724 ost
374 663 501 724 omnibus
524 665 650 741 gravius,
671 663 747 724 etin
766 673 828 720 arte
847 662 958 740 magica
983 660 1065 719 ratde
1093 681 1182 720 euer-

200 751 319 821 eitatuss
340 761 370 809 et
388 749 454 812 ideo
473 760 581 818 metue,
611 767 647 806 ne
665 749 743 806 lorte
761 757 816 804 mm
834 745 929 804 vallde
946 766 983 804 cx
995 747 1078 807 omui
1095 758 1181 824 parte

198 835 332 904 nunnitus,
352 833 426 916 apud
444 852 496 892 eos
515 834 561 912 qui
580 835 714 910 ignorant
740 851 816 902 enm,
845 832 917 890 laisa
941 831 1070 907 allegans
1097 841 1182 909 pute—
1252 832 1256 841 '

199 931 245 978 tur
263 939 331 977 uera
349 916 520 981 delendere.
568 917 671 995 Neque
690 917 764 974 euim
781 917 827 978 uel
846 916 970 994 nosipsi
988 933 1052 973 eum
1070 918 1181 993 potuis·

200 1023 294 1062 sensus
313 1004 443 1080 elingere
454 1014 484 1060 ct
502 1003 631 1060 converti
651 999 687 1058 ad
702 1000 855 1072 dominum,
876 1001 930 1059 nlsi
949 998 1014 1060 dum
1030 999 1180 1060 adiutores

200 1090 263 1146 cius
281 1099 311 1146 et
329 1106 459 1148 errorum
477 1087 550 1144 socii
569 1087 692 1158 luimus,
729 1087 944 1162 agnovissemus
970 1083 1180 1164 qaod'deeep·

200 1183 247 1231 tor
266 1182 344 1232 esset
362 1191 396 1230 ac
415 1179 536 1249 rruagus.'

241 1255 276 1314 c.
323 1256 392 1314 Cum
420 1256 492 1314 bace
520 1255 623 1314 Nieeta
651 1254 783 1326 dixisset,
810 1253 915 1335 Aquila
937 1262 1051 1332 quoque
1074 1275 1179 1332 rogans

200 1341 254 1399 sibi
273 1339 386 1399 dicendi
406 1342 569 1400 facultatem
588 1339 662 1413 dari,
683 1340 738 1399 boe
757 1338 842 1400 medo
856 1340 1180 1418 etiamipseprosequu-

200 1439 245 1484 tus
263 1437 324 1484 est:
345 1425 479 1504 suscipe,
501 1445 619 1506 quaeso,
645 1436 676 1484 et
701 1426 758 1483 mel
784 1443 857 1502 erga
882 1435 911 1483 te
938 1426 1044 1483 amoris
1070 1443 1178 1494 euram,

201 1505 317 1589 optime*
334 1510 436 1582 Petre;
466 1522 497 1573 et
523 1512 681 1589 egoenim
708 1508 790 1568 valde
817 1510 956 1568 sollicitas
982 1529 1043 1568 snm
1065 1530 1119 1587 pro
1136 1519 1177 1566 te.

200 1592 264 1654 Nec
283 1594 479 1674 reprehendas
497 1616 550 1654 nos
574 1597 604 1654 in
631 1594 704 1665 boe,
719 1596 798 1673 ·quia
813 1608 920 1652 'euram
938 1612 1044 1672 gerere
1062 1595 1181 1654 alieuius

201 1701 238 1738 ex
247 1681 352 1740 allecta
362 1682 462 1748 venit,¹
472 1680 623 1758 negligere
634 1690 729 1738 autem
742 1696 799 1737 noa
809 1680 899 1737 miuus
918 1690 964 1737 est
978 1699 1059 1757 quam
1070 1678 1178 1738 odisse.

199 1765 315 1822 Testem
333 1783 404 1822 vero
422 1764 525 1822 hacco
545 1762 639 1834 deum,
661 1763 801 1845 quianon
819 1773 851 1822 ut
862 1765 1180 1841 segnioremtciueer·

200 1850 305 1906 tamine
333 1850 429 1906 sciens
454 1859 549 1911 metuo
576 1869 629 1926 pro
655 1859 703 1919 te,
732 1850 835 1928 quippe
854 1850 900 1926 qni
919 1866 973 1907 nec
992 1869 1111 1928 uuquam
1130 1848 1180 1906 tibi

200 1943 317 2011 praesto
343 1933 445 1991 luerim
473 1929 642 2012 disputanti,
670 1931 724 1992 sed
750 1935 797 2011 qui
815 1935 889 1991 illias
915 1935 1081 2012 impietates
1106 1933 1182 1992 bene

201 2017 340 2087 noverim,
362 2018 599 2076 existimationem
618 2029 692 2077 tuam
711 2020 810 2094 cogito
828 2018 909 2076 simul
928 2029 958 2076 et
974 2019 1084 2078 animos
1101 2017 1182 2077 audi-

201 2113 306 2173 torum,
335 2113 365 2184 ct
391 2103 478 2180 ipsius
505 2112 571 2160 ante
599 2104 693 2160 emula
711 2103 840 2161 veritatis
857 2113 972 2162 statum.
1006 2098 1182 2162 'Vebemeus

202 2187 308 2249 etenim
336 2199 382 2246 est
408 2187 454 2246 hie
481 2207 579 2265 nsegus
607 2186 646 2249 ad
671 2188 765 2245 omnia
792 2206 978 2267 quaecunque
1002 2189 1127 2247 voluerit
1151 2199 1184 2247 et

200 2272 414 2351 supramodum
433 2273 596 2354 scelestus,
625 2274 653 2331 iu
681 2273 811 2336 omuibus
833 2274 911 2332 euim
938 2292 1001 2331 enus
1029 2273 1184 2351 diligenter
1263 2318 1265 2321 >

200 2360 378 2435 agnouimus,
399 2370 498 2437 utpote
518 2359 563 2437 qui
582 2378 599 2417 a
616 2377 708 2438 puero
725 2360 861 2418 malorum
881 2359 942 2419 eius
959 2358 1107 2426 auditores
1118 2360 1183 2417 lue·

175 2500 177 2505 ,
201 2444 288 2501 riorus
308 2453 338 2501 et
355 2444 488 2514 ministri,
508 2455 539 2501 et
557 2445 611 2503 uisi
630 2464 682 2502 nos
701 2442 847 2505 dei-amor
864 2442 1026 2521 abrupisset
1038 2443 1075 2502 ab
1085 2462 1133 2515 co,
1153 2444 1184 2501 in

203 2525 311 2587 eisdem
331 2528 474 2604 cumipse
494 2529 578 2585 etiem
598 2548 672 2585 nuuc
689 2548 871 2594 versaremur
888 2528 984 2600 malis,
1004 2526 1056 2587 sed
1070 2528 1184 2605 ingeni·

168 2666 170 2669 ,
202 2622 248 2667 tus
266 2609 377 2689 quidam
397 2610 478 2669 nobis
497 2610 670 2688 sigelenus
688 2613 821 2681 allectus,
850 2612 964 2671 seelera
989 2612 1103 2692 quidem
1121 2614 1185 2671 eius

203 2714 306 2765 exosa,
326 2696 429 2753 cultam
448 2714 520 2755 vero
539 2694 585 2754 dei
604 2696 754 2762 amabilem
772 2697 854 2758 feeit.
902 2696 983 2756 Unde
1010 2708 1041 2756 et
1058 2697 1185 2758 arbitror

204 2800 275 2856 opus
301 2780 390 2837 luisse
417 2778 528 2842 divinae
555 2779 764 2859 providentiae,
792 2792 825 2839 nt
850 2801 903 2839 uos
920 2783 1012 2862 primo
1029 2783 1185 2854 familiares

204 2864 373 2923 eiusell'ceti
384 2864 512 2927 notitiam
523 2883 690 2942 caperemus
709 2864 863 2944 quomodo,
882 2864 928 2924 vel
947 2867 1021 2945 quali
1038 2878 1103 2926 arte
1117 2886 1184 2945 prc-

204 2947 294 3023 digia‚
315 2967 388 3027 quae
406 2949 504 3007 lacere
523 2948 636 3009 videtur
652 2950 774 3008 efficiat.
804 2950 873 3023 Quis
891 2952 965 3010 enim
984 2963 1040 3024 est,
1062 2953 1108 3031 qai
1126 2972 1184 3010 aon

204 3033 388 3111 obstupescat
406 3051 493 3111 super
510 3034 565 3104 bis,
587 3054 658 3113 quae
678 3036 759 3105 lacit,
780 3035 965 3107 mirabilibus,
986 3047 1017 3095 ut
1029 3044 1184 3115 peteteuta

204 3118 240 3177 de
259 3118 350 3177 ecelis
369 3118 452 3179 deam
469 3117 505 3177 ad
523 3120 641 3179 salutem
660 3121 802 3179 bominum
825 3119 1030 3199 descendisset
1055 3121 1121 3199 ligo
1147 3120 1185 3179 de

204 3205 313 3281 meipso
340 3205 446 3275 lolem,
476 3206 530 3266 uisi
557 3207 677 3265 interius
704 3225 768 3267 eum
790 3207 922 3277 scissem,
942 3217 974 3270 ct
991 3206 1184 3265 interfuissem

204 3289 315 3347 actibus
332 3290 407 3359 eius,
428 3290 535 3367 subripi
561 3291 627 3349 mihi
654 3292 742 3349 facile
767 3291 924 3367 potuisset,
952 3288 1029 3350 aude
1055 3311 1112 3349 uon
1130 3292 1185 3349 luit

205 3390 336 3445 magnum
363 3392 415 3429 nos
433 3373 469 3430 ab
487 3374 549 3431 eius
568 3375 715 3432 consortio
733 3376 873 3452 separari,
898 3376 1025 3435 scientes
1043 3395 1107 3435 cuna
1125 3396 1184 3433 ma-

206 3456 279 3531 gieis
297 3453 404 3513 artibus
424 3466 454 3513 et
472 3458 639 3515 commentis
658 3458 800 3517 scelerum
818 3461 881 3519 uiti.
907 3458 989 3533 Quod
1007 3461 1032 3517 si
1045 3462 1184 3519 vicetiam

205 3540 266 3618 ipse
286 3538 323 3598 de
341 3558 377 3597 eo
396 3551 500 3597 euecta
518 3560 711 3618 cognoscere,
732 3544 794 3621 quis
821 3545 882 3622 ipse
908 3546 958 3614 sit,
987 3545 1126 3622 qualisve,
1155 3555 1186 3603 et

205 3622 294 3695 nude,
311 3624 358 3683 rel
377 3625 665 3704 qualiter-patrentur
686 3648 759 3707 qnae
777 3629 865 3705 gerit,
885 3628 1023 3687 ausculta.

249 3710 280 3767 7.
328 3709 426 3768 Simon
445 3710 503 3781 hie,
524 3720 605 3789 patre
623 3709 769 3783 Antonio,
788 3723 879 3771 matre
898 3712 1005 3771 Racbel
1023 3724 1106 3772 uatus
1124 3725 1183 3783 est,

206 3805 293 3869 gente
313 3793 483 3853 Samaraeus
510 3815 547 3853 ex
568 3797 633 3854 vieo
654 3796 826 3866 Getbonum,
846 3807 910 3856 arte
928 3818 1043 3875 magus,
1064 3798 1185 3857 Graecis

203 3888 296 3937 tannen
306 3878 713 3961 litterisliberalibusapprimc
723 3880 862 3952 eruditus,
870 3881 981 3959 gloriae
991 3902 1025 3941 ae
1033 3884 1186 3943 iactantiae
