2634 4400
215 477 279 554 quia
298 474 430 534 iudicium
450 475 517 533 orit.
563 473 600 532 Et
619 471 733 532 Simon:
754 471 813 530 Cur
831 492 903 550 crgo
922 475 989 532 mitri
1007 494 1062 531 non
1077 494 1193 552 persna-

143 569 147 574 '
213 560 316 620 deturt
344 559 461 618 Petrus:
487 561 668 637 quieveram
695 558 863 636 prophetam
890 577 948 615 uon
974 558 1076 616 audisti
1096 559 1193 629 dicon-

214 657 288 704 tem:
305 647 333 718 ¹)
366 645 502 718 Quaerite
521 645 613 721 primo
632 644 764 702 iustitiam
785 644 857 713 eius,
878 653 909 700 et
924 643 997 701 haec
1025 645 1119 701 onmia
1144 644 1194 701 ad-

215 741 358 808 ponentur
374 729 466 788 vobis.
512 728 551 787 u:
569 727 685 787 Simon:
706 727 841 804 induigo,
869 726 970 806 i'nquit,
1000 727 1066 786 mihi
1086 729 1194 786 nolenti

213 817 305 894 primo
323 815 456 872 iustitiam
477 831 628 891 quaerore,
649 824 800 891 antequam
818 813 905 870 sciam
924 814 947 870 si
974 814 1143 871 immortalis
1160 817 1195 870 sit

214 902 318 958 anima.
364 899 402 956 Et
420 898 537 956 Petrus:
557 898 595 956 m
612 909 642 956 tu
661 898 728 955 mihi
747 898 803 955 troc
819 897 1042 974 nnuminduigo,
1063 900 1194 977 quianon

214 1005 328 1063 possum
347 985 447 1042 facere
465 983 549 1041 aliter
567 1002 647 1060 quam
671 1001 716 1039 me
742 983 883 1061 propheta
909 984 1039 1040 ueritatis
1066 981 1193 1040 edocuit.

213 1067 283 1127 tum
302 1065 416 1126 Simon:
438 1066 553 1125 Certum
572 1078 627 1137 est,
648 1067 749 1144 inquit,
771 1065 1195 1144 nonposseteadserercqnod

215 1153 381 1211 immortalis
400 1153 437 1209 sit
454 1152 558 1222 anima,
579 1163 609 1209 et
627 1151 665 1209 ob
691 1151 747 1209 hoc
775 1152 928 1222 cavillaris,
957 1153 1053 1209 sciens
1079 1154 1146 1228 qnia
1172 1152 1195 1209 si

213 1237 341 1298 mortalis
359 1236 508 1314 probetur,
529 1233 668 1294 radicitus
676 1236 1013 1312 conveitatnrreiigionis
1023 1237 1103 1292 istius
1114 1256 1197 1314 quam

216 1323 330 1380 conaris
349 1320 486 1380 adserere
504 1330 566 1378 tota
588 1322 749 1399 professio-3
766 1330 801 1379 -et
818 1320 884 1378 ideo
904 1319 988 1378 laudo
1006 1319 1119 1398 quidem
1130 1340 1197 1398 pru·

216 1405 340 1465 dentiam
359 1417 447 1477 tuam,
468 1425 524 1464 non
543 1416 638 1464 tamen
657 1404 750 1484 probo
765 1405 996 1483 persuasionem:
1017 1405 1196 1462 multisonim

214 1578 294 1647 tiam,
315 1576 366 1634 suh
385 1595 437 1654 spo
456 1575 613 1634 futurorum
631 1575 783 1646 bonorum,
804 1575 905 1653 quihus
922 1575 1034 1643 evenit,
1055 1584 1085 1631 ut
1103 1593 1197 1651 neque

215 1660 414 1742 praesentibus
432 1661 615 1738 perfruantur
632 1671 663 1718 et
672 1659 854 1737 decipiantur
862 1659 975 1716 futuris.
1022 1657 1197 1716 Simutonim

215 1756 247 1804 ut
264 1745 368 1804 mortui
387 1745 504 1814 inerint,
525 1745 610 1802 etiam
629 1745 722 1802 enimn
740 1745 849 1821 pariter
866 1744 1060 1820 exunguetur.

258 1828 313 1895 42.
361 1828 463 1886 Petrus
480 1845 550 1887 vero
570 1828 642 1887 haec
662 1827 793 1898 audiens,
814 1826 945 1887 dentibus
963 1826 1100 1886 trendens
1117 1829 1198 1886 fron·

215 1925 331 1991 temque
350 1911 486 1971 adterens
504 1931 599 1984 mauu,
628 1923 659 1971 et
676 1911 819 1990 profundo
837 1912 939 1970 doiore
965 1914 1112 1990 suspirans
1139 1914 1195 1970 ait:
1272 1923 1277 1932 “

216 1996 331 2056 Astutia
349 1999 492 2074 serpentis
509 1998 617 2075 antiqui
644 1995 682 2054 ad
708 1996 855 2055 hominum·
877 1995 1062 2075 decipiendas
1089 1998 1198 2054 animas

217 2091 341 2142 armatus
359 2079 483 2152 adsistis,
505 2092 535 2140 et
553 2080 619 2140 ideo
638 2090 669 2138 ut
687 2099 807 2159 serpeus
825 2082 989 2160 sapientior.
1003 2083 1130 2140 caeteris
1147 2081 1200 2140 be‘-

213 2167 290 2239 stiis,
311 2166 347 2226 ab
364 2167 445 2225 initio
465 2165 613 2227 doctorem
631 2177 662 2225 te
680 2185 746 2227 esse
773 2167 919 2246 professus
942 2185 987 2225 es.
1032 2165 1069 2224 Et
1086 2186 1196 2238 rursus,

215 2264 249 2313 ut
266 2270 385 2331 serpens
404 2253 506 2311 multos
524 2250 710 2311 introducere
730 2251 801 2311 deos
818 2252 946 2322 volebas,
967 2270 1117 2330 superquo
1128 2271 1199 2311 con·

216 2340 323 2398 futatus
341 2339 445 2399 nullum
465 2339 579 2396 omniun
598 2356 672 2396 nnnc
691 2356 758 2395 esse
774 2335 885 2395 adseris
912 2335 1007 2394 deum.
1053 2336 1125 2393 Nam
1145 2352 1200 2415 per

217 2424 400 2483 occasionem
411 2423 510 2480 nescio
521 2423 601 2480 cuins
615 2423 708 2499 ignoti
726 2421 784 2492 dei,
806 2420 983 2479 conditorem
1002 2420 1096 2478 mundi
1115 2420 1199 2479 doum

219 2509 343 2586 negasti,
355 2505 407 2566 scd
417 2526 480 2565 eum
490 2507 535 2565 vel
546 2507 645 2565 maium
656 2526 733 2576 esse,
744 2507 791 2565 vel
801 2506 903 2564 multos
912 2505 1020 2564 habere
1030 2505 1083 2563 sibi
1092 2524 1201 2583 aequa-

216 2594 273 2663 ies,
301 2592 348 2650 vel
375 2592 501 2661 omnino,
527 2601 557 2648 ut
575 2589 707 2663 diximus,
736 2608 793 2648 non
812 2608 876 2649 esse
895 2588 978 2649 deum
996 2590 1196 2649 confirmabas.

165 2744 170 2749 ¹
214 2677 288 2735 ¹Post
306 2676 378 2734 haec
397 2694 459 2733 cum
479 2676 563 2735 etiam
581 2676 610 2733 in
628 2676 845 2753 hocsnperatus
854 2676 969 2745 fuisses,
989 2675 1108 2733 animam
1124 2694 1199 2733 nune

219 2760 374 2821 adseveras
393 2778 457 2819 esse
476 2759 636 2830 mortalem,
656 2761 697 2818 uti
715 2778 753 2819 ne
770 2760 929 2817 futurorum
948 2778 999 2838 spe
1018 2753 1200 2818 recte'instc-

220 2863 274 2925 que
293 2845 413 2902 vivatur.
460 2844 532 2903 Nam
559 2846 658 2923 utiquc
683 2845 709 2902 si
727 2842 916 2921 desperantur
933 2844 1038 2914 futura,
1059 2842 1156 2921 quidni
1174 2846 1199 2901 si

218 2927 383 2988 abscidatur
391 2928 600 3000 misericordia,
621 2929 751 2987 inuriao
760 2926 941 3005 indulgeatur
950 2927 1199 3005 etvoiuptatibns‘t

220 3033 257 3072 ox
275 3013 375 3092 quibus
393 3034 504 3073 omnem
523 3032 703 3091 consurgere
719 3013 884 3071 iniustitiam
912 3022 1035 3071 constat.
1080 3012 1119 3069 u:
1136 3030 1199 3069 cum

219 3109 316 3157 tantae
334 3100 488 3177 impietatis
507 3097 665 3157 doctrinam
683 3099 805 3157 miserae
823 3098 895 3155 hnic·
911 3095 1076 3155 introducas
1093 3108 1201 3154 morta*

214 3186 286 3243 dium
305 3184 393 3254 vitae,
413 3185 550 3263 teipsum
570 3184 657 3262 pium,
678 3199 724 3242 me
742 3184 855 3260 impium
873 3200 970 3251 vocas,
992 3182 1070 3259 quasi
1090 3181 1200 3259 quiho-
1261 3242 1268 3249 ,

219 3270 311 3327 mines
329 3284 385 3326 uon
404 3269 492 3326 sinam
512 3266 562 3326 sub
581 3284 633 3347 spe
651 3268 809 3325 futurorum
836 3266 975 3325 bonorum
1002 3284 1081 3325 arma
1108 3266 1200 3323 corri-

221 3370 292 3430 pere
310 3362 341 3409 et
358 3354 524 3429 impugnare
543 3372 576 3411 se
594 3353 728 3420 invicem,
748 3348 875 3429 diripere
893 3370 927 3407 ac
945 3350 1114 3408 subvertere
1137 3351 1200 3407 uni-

216 3452 305 3495 versa
323 3447 352 3495 et
370 3438 462 3495 moiiri
482 3438 575 3493 omnia
593 3454 666 3513 quae
685 3433 772 3492 libido
791 3434 954 3493 dictaverit.
998 3434 1038 3492 Et
1064 3436 1126 3512 quis
1144 3435 1202 3491 erit

132 3562 135 3570 ι
214 3522 277 3579 'iste
294 3521 370 3579 vitae
394 3532 495 3592 status,
515 3522 596 3598 qnia
615 3529 644 3577 te
661 3516 864 3589 introducitur,
885 3530 916 3576 ut
924 3529 1055 3597 pugnent
1071 3519 1201 3581 homines

213 3616 253 3665 ··et
269 3607 481 3684 impugnentur,
501 3615 532 3662 ut
549 3605 710 3662 irascantur
727 3616 757 3662 et
774 3603 977 3684 perturbentur
994 3612 1025 3660 et
1041 3621 1158 3680 semper
1172 3604 1200 3658 in
1223 3635 1229 3647 ι

214 3701 298 3749 -metu
317 3692 429 3749 vivant?
452 3688 584 3749 Necesse
602 3699 647 3748 est
665 3690 741 3747 euim
758 3689 875 3767 eosqui
893 3687 957 3745 aliis
980 3688 1107 3745 inferunt
1128 3687 1202 3745 mnia

221 3814 436 3830 Ἠ*

186 3854 190 3861 ’
260 3876 285 3936 1)
303 3874 394 3923 mauu.
412 3879 437 3936 s,
456 3877 496 3923 aa.
