2634 4400
678 198 724 258 ttt

598 289 812 302 u—-fi

257 401 313 462 llll.
359 403 428 462 Tum
449 401 563 483 l‘etrns:
585 403 747 472 Contraria,
768 405 869 480 inquit,
891 401 1000 461 tibimet
1016 407 1068 481 ipsi
1081 415 1110 463 tc
1130 426 1199 482 pro·

215 483 293 546 lerre
313 508 368 546 non
388 487 488 545 sentis.
518 486 548 544 Si
568 489 642 545 enim
663 499 691 546 ct
710 487 788 546 lesus
807 498 908 545 noster
924 489 980 547 seit
998 491 1093 559 istum,
1115 502 1198 567 quent

216 574 287 631 dicis
306 562 481 654 incognitum
502 569 596 642 deum,
627 592 699 648 ergo
718 574 772 629 ianr
791 593 848 630 non
867 583 931 630 ate
950 574 1012 630 solo
1032 584 1077 632 est
1096 576 1199 651 cogni·

215 670 271 716 tus.
319 657 377 716 lmo
396 658 419 716 si
439 656 518 715 lesus
537 668 636 716 noster
654 675 717 714 enm
736 659 826 726 norit,
845 656 964 735 Moyses
982 677 1095 736 qnoque
1111 657 1198 736 quiet

216 743 305 802 lesum
318 754 463 802 ventarum
476 761 539 800 esse
551 741 744 819 prophetavit,
762 742 824 799 sine
839 740 925 799 dnbio
940 744 1068 820 neeipse
1077 745 1198 820 ignora-

215 829 255 885 rit
266 846 344 899 cunr;
365 826 507 904 propheta
526 827 598 883 enim
611 837 685 895 erat,
706 827 791 903 etqui
803 825 839 884 de
849 826 907 882 lilio
917 828 1113 905 prophetavit,
1134 829 1197 886 sinc

216 911 300 970 dubio
312 920 489 987 cognoverat
498 919 619 987 patrem.
651 909 682 966 Si
697 911 808 969 enimin
820 911 963 970 voluntate
975 922 1020 969 est
1029 911 1091 982 lilii,
1113 931 1198 985 rerer·

214 998 275 1056 larc
286 1006 395 1073 patrem
406 996 451 1052 eui
462 995 595 1064 voluerit,
618 994 691 1052 filius
701 995 792 1073 quial
804 997 884 1052 initio
903 1006 934 1054 et
942 1014 1058 1073 semper
1072 1015 1135 1054 eum
1146 1016 1198 1073 pa-

215 1093 259 1138 tre
279 1081 332 1138 luit
349 1099 403 1157 per
421 1079 547 1155 singulas
567 1098 691 1156 quasque
711 1081 935 1156 generationes,
964 1079 1039 1138 sicut
1056 1082 1198 1139 revelarit

213 1163 308 1242 Moysi
320 1174 440 1242 patrem,
462 1163 501 1220 ita
511 1173 540 1220 et
553 1164 617 1222 aliis
626 1165 791 1242 prophetis3
812 1163 921 1242 quodsi
932 1175 986 1234 est,
1007 1166 1074 1222 nulli
1085 1176 1197 1243 patrem

215 1250 304 1308 luisse
323 1249 497 1326 incognitum
517 1256 640 1306 constat.
681 1248 745 1306 Tibi
763 1268 833 1307 vero
853 1250 898 1326 qui
914 1249 1067 1307 filinmnon
1087 1248 1194 1318 credis,

215 1331 357 1412 quomodo
377 1333 469 1410 potuit
486 1325 609 1391 revelari
627 1343 725 1413 pater,
747 1335 794 1411 qui
813 1334 879 1391 nulli
899 1345 982 1392 notus
1001 1344 1057 1405 est,
1077 1336 1132 1392 nisi
1151 1335 1196 1391 eni

214 1419 337 1477 voluerit
356 1417 427 1476 lilius
446 1417 596 1476 revelare?
615 1415 736 1477 Revelat
753 1429 847 1497 autem
866 1418 940 1476 filins
949 1429 1059 1496 patrem
1072 1419 1129 1490 his,
1150 1419 1197 1496 qui

216 1507 255 1562 ita
274 1503 465 1562 honorificant
485 1503 582 1574 lilium,
603 1508 679 1562 sieut
697 1503 887 1582 honorificant
900 1514 1022 1581 patrem.

257 1587 312 1648 llll.
358 1581 428 1646 Tum
447 1586 566 1645 Simon:
587 1586 733 1646 Memento
761 1589 862 1665 inquit,
892 1589 958 1666 quia
983 1588 1071 1647 filium
1097 1586 1194 1645 dixisti

214 1673 322 1732 habere
347 1669 449 1743 deum,
480 1665 554 1770 qnod
577 1681 622 1756 est
642 1661 787 1752 ¹iniuria—rea
817 1671 958 1750 quomodo
986 1674 1060 1730 enim
1087 1672 1195 1730 habere

213 1759 300 1818 lilium
320 1764 426 1836 potest,
448 1757 501 1814 nisa
520 1757 621 1814 similia
639 1755 800 1815 hominibus
818 1757 1195 1834 autanimalibnspatiatnrl

215 1841 275 1902 Sed
294 1840 328 1899 de
348 1835 391 1898 lris
410 1861 466 1898 non
486 1843 530 1899 est'
549 1861 622 1899 nune
641 1852 754 1921 tempus
772 1861 896 1918 arguere
915 1841 1084 1919 profundam
1103 1842 1195 1899 stulti·

214 1929 281 1984 tiam
302 1936 389 1997 tuam,
409 1926 515 1984 festino
535 1926 609 1986 enim
630 1922 665 1984 de
685 1926 873 1985 immensitate
893 1945 1017 1985 summae
1045 1926 1117 1983 lueis
1145 1946 1196 1984 ex·

213 2030 335 2090 ponere,
356 2012 551 2068 etiamnunc
571 2007 648 2068 andi.
695 2009 766 2069 Puto
786 2030 850 2069 esse
870 2011 991 2088 aliquam
1001 2001 1134 2069 virtutem
1145 2012 1207 2067 ima·

212 2115 328 2154 mensae
345 2098 377 2154 ¹et
396 2095 548 2154 ineffabilis
567 2095 649 2166 lucis,
680 2096 760 2153 euius
780 2085 951 2177 ⁴magnitudo
974 2094 1196 2172 incomprehen-

213 2181 303 2241 sibilis
321 2179 473 2252 hahentur,
513 2201 576 2239 nam
594 2181 727 2239 virtutem
746 2180 831 2239 ctiam
851 2179 946 2239 mnndi
965 2179 1099 2239 conditor
1111 2180 1196 2258 igno³

138 2317 149 2328 .
212 2278 270 2339 ret,
292 2278 322 2325 et
339 2201 634 2345 legislator‘ltloyses,
656 2278 685 2324 et
704 2267 841 2348 magister
858 2275 956 2324 vester
971 2266 1064 2344 lesus.

254 2350 311 2411 50.
357 2351 426 2409 Tum
446 2351 563 2410 Petrus:
584 2350 650 2410 Non
670 2351 721 2409 tibi
740 2349 853 2409 ridetur
871 2351 1012 2409 amentiae
1039 2370 1088 2409 res
1115 2369 1193 2422 esse,

213 2436 350 2496 adserere
369 2437 444 2495 velle
464 2436 634 2515 qnempiam,
655 2434 730 2520 qnod
757 2437 794 2493 sit
815 2435 886 2493 alins
914 2433 985 2493 dens
1016 2455 1098 2514 qoam
1125 2433 1196 2493 deus

211 2524 349 2593 omnium,
371 2531 400 2579 et
419 2521 529 2591 dicere,
550 2532 619 2599 puto
639 2540 703 2579 esse
722 2522 855 2601 virtutem
874 2517 1025 2599 quandam,
1038 2594 1042 2600 p
1055 2530 1085 2576 et
1103 2519 1196 2597 prins-

214 2626 294 2685 quam
323 2606 376 2683 ipsi
400 2615 509 2663 certum
532 2606 569 2662 sit
587 2602 663 2684 qnod
682 2605 818 2683 loquitur,
839 2605 894 2662 lroc
912 2605 988 2684 velle
1006 2602 1070 2662 aliis
1088 2604 1195 2663 conlira

213 2694 311 2750 mare?
339 2688 427 2748 Estne
454 2688 554 2768 aliquis
581 2690 621 2747 ita
639 2708 798 2768 praeceps,
828 2690 875 2766 qni
893 2689 989 2750 verbis
1007 2689 1062 2747 tuis
1080 2686 1194 2765 credat,

214 2777 241 2833 in
262 2773 361 2852 quibus
380 2784 409 2831 te
427 2774 517 2850 ipsum
537 2772 633 2831 rideat
651 2772 845 2832 dubitantem?
863 2784 894 2831 et
911 2772 1042 2832 admittat
1059 2792 1123 2831 esse
1142 2773 1196 2831 ali-

215 2879 296 2937 qnam
315 2859 447 2916 virtutem
467 2859 641 2936 incognitam
662 2859 788 2916 creatori
807 2856 874 2929 deo,
896 2869 926 2917 et
942 2856 1049 2936 Moysi,
1079 2869 1110 2915 et
1127 2877 1196 2935 pr0-·

214 2944 320 3022 plretis,
342 2953 372 3001 et
391 2943 459 3020 legi,
485 2953 514 3000 et
533 2942 597 3001 lesu
616 2944 702 3001 etiam
721 2944 858 3021 magistro
878 2946 996 3001 nostro?
1014 2961 1086 3025 qnae
1105 2943 1196 2999 virtus

214 3030 253 3087 ita
271 3028 346 3086 bona
364 3029 412 3099 sit,
433 3038 463 3086 nt
481 3028 549 3087 nulli
567 3028 637 3087 velit
655 3027 850 3099 innotescere,
880 3029 932 3101 nisi
952 3028 999 3086 nni
1018 3038 1136 3096 tantum,
1166 3036 1198 3084 et

213 3114 269 3172 lroe
288 3111 339 3171 tibi
358 3114 426 3171 tali?
444 3112 513 3171 Tum
533 3112 637 3172 deinde
655 3114 679 3171 si
700 3133 773 3171 nova
790 3123 837 3171 est
854 3112 908 3170 ista
926 3113 1026 3183 virtus,
1052 3109 1210 3190 quomodo.

214 3200 295 3259 nobis
315 3220 370 3257 non
384 3197 439 3271 dat
456 3213 557 3257 noram
577 3190 698 3278 aliquem
717 3218 828 3257 sensum
849 3212 965 3275 praeter
982 3196 1035 3255 hos
1054 3216 1125 3274 qnos
1142 3213 1196 3273 ge-

214 3273 301 3341 rimus
320 3278 454 3361 quinqua,
475 3294 505 3340 ut
524 3302 560 3341 ex
583 3284 646 3360 ipso
666 3282 700 3340 ah
721 3302 755 3340 ea
773 3281 855 3340 nobis
877 3281 981 3359 largito
1001 3301 1076 3340 novo
1095 3299 1193 3349 sensu,

215 3370 304 3445 ipsam
324 3386 395 3445 quae
415 3387 489 3424 nova
507 3378 551 3425 cst
569 3384 676 3443 capere
696 3376 726 3424 et
744 3358 907 3446 intelligere
926 3368 1085 3443 possimus?
1104 3376 1153 3423 aut
1170 3366 1196 3422 si
1297 3385 1298 3400 ¹

215 3473 270 3509 non
290 3462 386 3529 potest
405 3448 515 3527 largiri,
536 3449 678 3533 quomodo
697 3450 748 3508 tibi
767 3451 871 3528 largita
890 3455 951 3510 esti
968 3462 1018 3509 aut
1035 3451 1059 3508 si
1077 3449 1128 3508 tibi
1147 3468 1196 3529 re·
1296 3475 1297 3536 j

177 3600 183 3607 ,
215 3536 330 3606 velarit,
353 3554 469 3593 cnrnnn
489 3546 518 3593 et
536 3533 636 3594 nobis?
657 3534 688 3593 Si
707 3556 776 3594 vcro
795 3556 812 3594 a
829 3546 919 3594 temet
932 3537 995 3614 ipso
1013 3534 1192 3603 intellexisti,

217 3641 289 3699 qnae
309 3640 343 3679 nc
363 3618 522 3697 prophetae
542 3619 654 3698 quidem
669 3622 777 3679 sentire
792 3621 1192 3699 antintelligerepotnernnt,

218 3706 262 3763 dic
282 3725 336 3783 age
355 3705 437 3764 nobis
456 3724 529 3763 nnnc
549 3703 615 3783 quid
637 3707 826 3783 unnsquisque
854 3715 980 3763 nostrum
1008 3705 1133 3782 cogitat:
1163 3702 1194 3761 Si
1295 3717 1296 3744 ³

218 3792 292 3849 enim
310 3801 403 3849 tantus
423 3791 511 3847 estin
532 3801 560 3849 te
579 3790 705 3869 spiritus,
725 3800 756 3847 ut
775 3810 808 3849 ea
828 3789 1192 3869 qnaesupercoclossunt,
