2634 4400
590 281 655 350 lod

126 509 221 560 autern
249 493 333 557 niodo
362 507 414 576 per
440 507 499 556 tres
527 491 679 554 continuos
701 508 814 554 oronscs
842 508 903 554 cum
926 496 1042 556 'verhurn
1061 493 1113 554 del

127 585 250 644 docerct
269 595 298 642 et
317 577 451 661 plurimos
471 593 655 641 converteret
674 581 709 641 ad
729 581 826 652 fidem,
847 581 883 639 ad
901 582 1109 642 ultimumiein-

125 688 196 730 aare
213 687 260 726 rue
279 669 376 738 iussit,
401 677 518 746 etpost
536 668 670 727 ieiunium
697 668 726 725 in
754 666 879 725 lontibus
906 669 952 745 qni
980 667 1109 743 contigui

125 755 268 814 hahentur
284 754 366 823 mari,
386 753 521 832 perennis
539 771 629 832 aquae
648 753 715 810 mihi
729 751 896 831 baptismum
906 751 995 826 dedit..
1026 752 1110 810 Cum·

127 857 184 919 qne
202 859 255 918 pro
274 838 506 918 regenerationis
525 839 618 916 gratia
638 837 771 896 divinitus
790 839 856 896 mihi
876 837 992 909 collata,
1013 837 1109 896 feriati

127 945 191 984 cum
211 923 347 982 iratribus
365 924 433 982 laeti
449 924 624 1000 egissemus,
646 923 747 982 Petrus
766 937 818 982 cos
829 921 920 1001 quiad
930 922 1113 1002 praecelsa«

127 1010 193 1068 dum
212 1011 326 1067 fuerant
345 1007 480 1079 ordinati,
504 1009 650 1087 prolicisei
669 1009 852 1066 Antiochiam
871 1007 950 1066 iuhet
967 1018 1052 1086 atque
1070 1007 1109 1065 ihi

125 1107 188 1154 tres
207 1095 279 1152 alios
297 1103 468 1171 exspectare
487 1112 610 1153 menses.
659 1085 766 1166 Quibus
794 1093 947 1172 proiectis,
977 1095 1040 1171 ipse
1059 1108 1112 1152 eos·
1136 1074 1144 1142 l

127 1182 175 1259 qui
194 1177 278 1248 iidem
298 1178 403 1236 domini
421 1179 702 1257 plenerecoperant‚
723 1178 869 1238 deducens
887 1176 1109 1257 adientesquos
1134 1144 1143 1258 l

126 1265 199 1324 mari
219 1264 371 1340 contiguos
389 1281 475 1342 snpra
502 1263 623 1322 diximus
650 1263 822 1342 baptizavit,
852 1273 882 1322 et
909 1261 1138 1322 eucharistiam

127 1352 267 1427 Frangens
294 1367 357 1406 enm
384 1349 442 1420 eis,
471 1347 619 1407 Maronem
647 1351 693 1426 qui
722 1367 785 1407 enm
812 1348 937 1427 hospitio
957 1359 1111 1427 receperat
1135 1366 1139 1407 2

128 1436 289 1514 perfectam
308 1435 362 1492 iam
381 1435 410 1492 in
429 1431 569 1504 omnibus,
591 1435 739 1492 constituit
749 1433 791 1503 eis
802 1434 978 1512 episcopum,
1000 1433 1111 1503 etdno·
1135 1423 1140 1488 ἒ

128 1518 222 1592 decim
242 1537 305 1592 cnm
324 1536 360 1596 eo
375 1517 578 1598 presbyteros,
600 1517 737 1597 simulque
757 1517 1029 1577 diaconosordinat.
1065 1519 1111 1576 ln·
1139 1546 1142 1554 ·

128 1605 221 1663 stituit
239 1604 323 1662 etiam
343 1601 472 1662 ordinem
491 1602 636 1662 viduarum
655 1614 743 1682 atque
761 1604 854 1662 omnia
873 1603 1018 1662 ecelesiae
1030 1605 1110 1662 mini·
1135 1612 1142 1690 l

129 1690 217 1747 steria
236 1687 371 1767 disponit,
400 1690 606 1768 universosque
634 1688 769 1748 admonet
794 1689 907 1747 Maroni
926 1689 1063 1767 episeopo
1082 1689 1111 1746 in

129 1775 259 1832 omnihus
278 1793 349 1852 qnae
369 1775 553 1852 praeciperet
573 1771 704 1833 obedire.
752 1774 788 1832 Et
805 1775 845 1832 ita
864 1775 975 1833 cunctis
994 1793 1118 1852 compe-²

129 1868 226 1918 tenter
244 1856 400 1936 dispositis,
422 1877 484 1917 cum
503 1861 586 1918 trium
605 1861 742 1918 mensium
761 1869 870 1938 tempus
888 1859 989 1918 luisset
1012 1860 1111 1937 exple-

129 1955 199 2013 tura,
221 1944 415 2003 valedicentes
433 1945 483 2004 his.
495 1947 542 2024 qni
561 1956 643 2004 erant
661 1945 734 2024 apud
751 1944 904 2024 Tripolim,
928 1942 1109 2004 Antiochiam

128 2028 346 2107 proficiscimur.
798 2050 800 2060 ι

262 2824 267 2833 ἴ
327 2692 538 2799 'lether
571 2678 911 2812 septimus.

178 2880 207 2941 l.
255 2880 373 2960 Egressi
393 2880 601 2965 tandenrctiam
611 2882 749 2962 Tripolim
760 2882 1032 2952 Phoenicisnrhem,
1053 2884 1112 2961 pri-

130 2986 203 3025 mam
222 2969 251 3024 in
271 2966 422 3025 Ortcsiade
441 2965 515 3025 haud
529 2970 628 3046 procul
643 2990 659 3025 a
677 2968 784 3045 Tripoli
796 2968 1109 3036 lceimusrnansionem,

129 3053 179 3110 uhi
190 3051 321 3126 sequenti
332 3070 443 3131 quoque
455 3050 500 3109 die
511 3052 660 3122 remorati,
674 3052 738 3129 quia
749 3070 847 3108 omnes
857 3070 950 3128 paene
961 3053 1007 3127 qui
1023 3050 1112 3108 domi·

129 3153 169 3195 no
181 3133 378 3204 crediderant,
399 3134 462 3193 dum
474 3136 568 3193 divelli
588 3136 701 3193 aPetro
720 3144 876 3213 nequount,
891 3134 940 3193 illo
959 3152 1047 3212 usque
1067 3154 1114 3193 se·

131 3219 211 3299 qunti
228 3225 309 3290 sunt3
338 3215 406 3277 inde
432 3218 634 3279 Antlraradnm‘
654 3221 793 3279 venimus.
846 3218 905 3277 Sed
933 3218 1009 3297 quod
1035 3219 1112 3277 multi

132 3322 185 3363 nos
196 3305 413 3376 comitarentur,
426 3303 466 3363 alt
476 3302 576 3365 Petrus
587 3304 623 3365 ad
632 3304 765 3364 Nieetam
776 3304 858 3363 simul
869 3313 953 3382 atque
964 3302 1110 3383 Aquilone

134 3390 271 3463 Quoniam
290 3386 402 3467 quldenr
421 3388 556 3468 plurimae
575 3391 695 3450 iratrnm
713 3388 813 3449 turbae
832 3388 1063 3459 nobiscnn'rsunt,
1084 3398 1114 3449 et

132 3472 330 3549 ingredientes
358 3474 484 3551 singulas
516 3496 640 3557 quasque
668 3474 754 3534 nrbes
782 3496 837 3533 nou
865 3476 961 3553 parum
990 3474 1113 3533 invidiae

133 3558 342 3630 contrahimus,
371 3559 485 3618 videtur
501 3558 569 3618 mihi
587 3556 803 3639 providendum,
824 3571 855 3618 nt
873 3578 965 3637 neque
984 3561 1052 3638 ipsis
1071 3558 1113 3617 in-

133 3653 243 3719 gratum
262 3645 299 3701 sit
317 3644 341 3701 si
360 3645 566 3723 prohibeantur
584 3646 675 3724 sequi,
697 3665 789 3723 neque
808 3644 891 3706 nohis
919 3664 1039 3723 porrrpae
1063 3643 1114 3703 ali-

134 3726 213 3785 cuins
232 3728 341 3787 excitet
357 3729 499 3806 malignus
518 3728 663 3788 invidiam.
711 3729 825 3787 Censeo
844 3731 940 3807 itaque
967 3738 996 3787 te
1024 3727 1114 3786 Nice·

132 3822 188 3869 tum
209 3820 292 3888 atquc
311 3812 442 3890 Aquilam
462 3812 645 3891 praecedere·
660 3834 713 3871 nos
732 3834 794 3873 cum
814 3813 892 3890 ipsis,
923 3814 961 3870 ita
981 3823 1009 3871 nt
1028 3812 1113 3870 otiam

134 3914 183 3953 ros
203 3897 231 3953 in
251 3893 320 3955 duas
339 3898 572 3988 partesxdivisom
591 3897 795 3959 multitudinem
815 3897 935 3968 ducatis,
956 3903 1114 3976 utsparsinr
