2634 4400
619 272 791 357 ,ers

204 482 265 540 lunt
274 498 367 559 neque
378 480 532 539 animantia
542 476 630 538 edere
641 476 671 536 in
679 478 732 537 usn
745 477 863 548 babent,
883 493 1024 555 nunquam
1042 476 1186 537 inebrian-

204 574 262 639 tur,
276 577 414 644 nunquam
425 565 567 623 malitiose
586 563 693 643 aliquid
711 573 825 641 gerunt,
847 560 899 620 sed
918 562 1001 621 deum
1020 581 1135 642 semper·
1150 564 1187 621 ti-

205 662 297 723 moot3
310 662 340 709 et
350 649 461 730 quidem
471 650 544 709 baec
554 650 605 721 illi,
619 669 682 707 curn
693 649 802 708 caeleri
813 646 946 706 ludorum
956 660 986 707 et
995 645 1147 707 bomioirba
1159 660 1190 707 et

205 733 344 795 adulteria
356 738 545 807 committant,
566 746 596 794 et
605 735 756 793 simulacra
766 734 873 805 colant,
894 743 925 792 et
935 734 1125 806 inebrientur,
1145 744 1187 792 at-

205 841 260 901 que
270 822 325 880 alia
335 820 494 881 huiusmodi
504 822 612 899 flagitia
628 830 797 879 exerceant.
827 818 887 878 Sed
902 830 932 877 et
944 821 973 877 in
987 821 1076 899 ipsius
1089 818 1188 879 lndiae

204 906 384 966 nibilominus
403 907 531 967 occiduis
550 906 677 985 partibus
695 906 779 983 regio
798 904 936 984 quaedam
954 916 1010 976 est,
1030 904 1078 963 ubi
1092 905 1189 985 hospi-

205 1003 249 1053 tes
273 1012 336 1051 cnm
354 992 520 1064 inciderint,
542 993 618 1071 capti
637 992 819 1049 immolantur
837 989 1077 1062 etcomeduntur,
1098 998 1189 1049 etue*

205 1097 260 1156 que
278 1078 372 1141 bonae
391 1079 493 1136 stellae
511 1088 665 1137 vetuerunt
691 1092 742 1137 eos
767 1076 803 1135 ab
831 1074 991 1135 huiusmodi
1015 1076 1132 1153 flagitiis
1159 1086 1190 1135 et

204 1162 240 1223 ab
260 1162 452 1222 exsecrandis*
466 1158 552 1234 cibis,
573 1182 667 1241 neque
694 1162 836 1239 malignae
863 1162 964 1221 stellae
992 1162 1190 1240 compulerunt

204 1246 390 1330 Bragmanas,
411 1259 442 1307 nt
459 1247 564 1328 aliquid
582 1252 706 1330 agere-'nt
722 1249 799 1306 mali.
830 1247 1013 1313 ·,Est1·ursus
1034 1244 1097 1306 mos
1114 1247 1190 1326 apnd

205 1332 321 1405 Persas,
342 1344 447 1394 matres
465 1336 601 1413 accipere
612 1335 648 1392 in
668 1334 832 1411 coniugium
859 1344 889 1392 et
912 1352 1030 1393 sorores
1053 1336 1084 1391 e‘t
1101 1333 1187 1405 filias,

205 1430 235 1477 et
253 1420 304 1479 snb
324 1420 373 1479 illo
392 1421 468 1479 omni
486 1440 540 1479 axe
557 1419 672 1479 incesta
691 1419 800 1477 Persae
817 1420 918 1478 ineunt
934 1420 1125 1481 matrimonia.

247 1505 303 1565 ill.
349 1508 394 1565 Ac
413 1525 449 1567 ne
469 1507 546 1565 forte
564 1506 652 1565 liceat
669 1504 714 1563 bis
732 1506 778 1583 qui
797 1505 945 1563 mathesim
966 1515 1122 1583 sequuntur
1147 1505 1189 1563 uti
1216 1489 1233 1562 ⁵.

187 1590 253 1670 ,illo
272 1592 406 1671 perfugio
425 1612 480 1671 qno
500 1589 608 1662 dicunt,
631 1600 727 1649 certas
744 1589 877 1668 quasdam
897 1607 961 1649 csse
979 1590 1081 1668 plagas
1099 1590 1187 1661 coeli,

205 1676 305 1754 quibus
323 1678 440 1755 propria
458 1675 596 1756 quaedam
614 1676 722 1735 habere
740 1671 926 1746 conceditur,
951 1696 987 1735 ex
1004 1676 1067 1754 ipsa
1086 1675 1188 1734 Persa-

203 1772 371 1839 cumgente
391 1762 525 1841 aliquanti
545 1760 581 1821 ad
599 1762 755 1840 peregrina
772 1762 898 1839 proiecti
916 1772 992 1832 sunt,
1021 1761 1069 1839 qui
1086 1759 1189 1838 blegn-

204 1847 265 1905 saei
284 1848 472 1925 appellantur,
494 1867 531 1906 ex
549 1847 649 1927 quibus
667 1867 757 1927 usqne
775 1848 804 1905 in
820 1845 990 1905 hodiernum
1009 1856 1075 1905 sunt
1092 1846 1141 1904 alii
1159 1848 1188 1904 in

203 1929 312 2003 Medio,
333 1933 380 1990 alii
399 1934 428 1989 in
447 1932 574 2002 Parthia,
604 1928 655 1992 sed
675 1943 705 1991 et
723 1934 751 1990 in
768 1932 906 2011 Aegypto
925 1932 1062 2002 nonnulli,
1092 1932 1188 2010 plures

205 2026 300 2075 autem
318 2016 348 2073 in
367 2015 478 2075 Galatia
497 2028 527 2076 et
545 2016 683 2096 Phrygia,
705 2019 753 2096 qni
772 2035 870 2076 omnes
889 2020 1019 2077 incestae
1037 2017 1119 2077 buius
1129 2028 1188 2076 tra-

205 2098 321 2165 ditionis
339 2102 458 2161 formam
477 2101 707 2162 indeclinabilem
726 2114 857 2184 serrant,
877 2123 912 2161 ae
940 2104 1065 2181 posteris
1091 2114 1189 2162 custo·

205 2184 335 2247 diendanr
355 2190 548 2247 transmittunt
566 2189 650 2252 etiarn
670 2208 733 2249 eum
751 2189 864 2269 plagam
875 2190 949 2248 coeli
957 2188 1143 2260 mutaverint,
1158 2191 1186 2262 ¹)

203 2292 259 2332 nec
277 2284 372 2332 tamen
400 2293 451 2334 eos
469 2275 568 2334 Venus
588 2295 650 2333 cum
670 2274 752 2333 Luna
769 2276 798 2335 in
817 2275 918 2333 linibus
938 2286 968 2334 et
986 2273 1114 2333 domibus
1133 2274 1188 2333 Sa·

201 2360 290 2430 ‘turni,
313 2377 375 2419 curn
394 2357 520 2420 Saturno
539 2359 701 2420 adtestante
712 2362 797 2420 etiam
808 2360 913 2434 blarte,
935 2359 1187 2439 compulitbabere

203 2443 280 2504 inter
298 2456 431 2506 caeteros
446 2447 586 2524 genesim.

171 2604 177 2616 Ι
245 2527 303 2588 22.
349 2529 435 2609 Apud
455 2531 541 2590 Gelos
561 2551 673 2610 qnoque
692 2552 753 2591 mos
763 2543 818 2603 est,
838 2541 870 2592 ut
879 2533 1013 2592 mulieres
1023 2533 1188 2610 agricolen-

203 2625 260 2686 tur,
281 2613 568 2675 ae'dilicentetoinne
589 2638 660 2696 opus
678 2619 760 2676 virile
779 2619 942 2696 perficiant,
962 2618 1014 2677 sed
1033 2629 1063 2676 et
1072 2619 1188 2678 misceri

204 2699 303 2780 quibus
321 2701 420 2759 volunt
436 2701 517 2774 licet,
538 2709 592 2764 'nec
612 2705 778 2762 incusantur
795 2725 812 2762 a
829 2704 898 2762 viris
916 2715 965 2762 aut
978 2702 1126 2763 adulterae
1137 2725 1188 2784 ap-

202 2784 356 2862 pellantur,
377 2787 481 2865 passim
492 2789 565 2846 enirn
586 2789 754 2847 concubitus
773 2790 895 2848 miscent
913 2801 943 2848 et
951 2791 1108 2868 praecipue
1123 2810 1187 2848 cnm

201 2869 372 2956 b'ospitibus,
393 2883 538 2950 unguenta
560 2876 703 2946 nesciunt,
724 2893 780 2931 non
800 2872 952 2933 induuntur
977 2880 1058 2933 v'este
1076 2876 1186 2949 fucata,

201 2975 259 3012 non
287 2956 408 3030 calceis,
447 2969 568 3018 econtra
595 2961 648 3019 viri
667 2958 806 3018 Gelonem
834 2971 991 3032 ornantur,
1020 2971 1184 3039 permutor,

201 3038 373 3101 indumentis
405 3042 593 3104 mollibus-et
620 3047 706 3105 variis
733 3045 907 3118 induuntur,
937 3066 1008 3105 auro
1036 3047 1187 3125 compositi

201 3130 410 3208 unguentisque
430 3128 559 3202 delibuti,
581 3142 610 3191 et
628 3124 701 3190 baec
720 3152 777 3190 non
795 3152 847 3210 pro
867 3130 1053 3190 dissolutione
1071 3132 1184 3205 virium,

158 3287 161 3290 Ι
201 3222 266 3270 sunt
284 3214 359 3270 enim
377 3213 586 3274 bellicosissimi
606 3227 635 3275 et
644 3228 798 3275 venatores
808 3210 957 3290 acerrimi3
972 3219 1000 3289 2)
1027 3222 1187 3281 nectamon

129 3341 135 3346 .
200 3298 352 3355 universae
370 3296 509 3359 'Gelonum
528 3301 675 3372 mulieres,
706 3303 733 3358 in
753 3301 956 3380 Capraecornu
982 3313 1031 3361 aut
1056 3300 1186 3380 Aquario

202 3379 444 3443 cacodaemonem
464 3385 780 3448 Veneremnasoentes
799 3387 936 3460 babuere,
958 3407 1052 3466 neque
1070 3386 1186 3446 virieo-

200 3483 261 3523 rum
281 3466 309 3523 in
318 3463 421 3527 Ariete
432 3489 495 3528 cum
505 3469 598 3529 Marte
608 3469 754 3530 Venerem
765 3474 897 3549 positam,
915 3485 971 3551 per
980 3471 1055 3551 qu'od
1069 3473 1187 3532 schema

201 3549 379 3610 effeminatos
399 3565 429 3612 et
456 3552 609 3614 dissolutos
627 3557 707 3616 nasci
725 3555 834 3617 adserit
851 3561 929 3618 viros
948 3557 1103 3618 Chaldaica
1127 3558 1186 3618 dis-

201 3636 315 3716 c'iplina.

235 3841 261 3907 F)
277 3846 341 3898 Neo
360 3850 463 3895 tamen
482 3874 513 3884 —
531 3848 671 3909 genesim
687 3863 741 3898 non
757 3849 880 3911 leguntur
896 3850 924 3899 in
942 3850 1014 3900 codd.
1031 3851 1114 3916 Lipar-

233 3913 260 3974 ²)
276 3909 341 3962 Nec
360 3919 464 3965 tomen
482 3945 514 3955 -
528 3917 709 3980 ‘disciplina
726 3919 821 3969 desunt
837 3921 865 3968 in
883 3921 955 3969 codd.
972 3921 1055 3983 lipia.
