2634 4400
523 364 533 371 ..
602 270 672 345 ,ὦ
729 364 734 372 .

147 494 215 553 sius.
261 492 306 551 Ex
325 492 382 551 filia
397 488 551 551 n'utemsua
563 491 673 551 Cerere
691 493 790 570 genuit
809 480 1026 571 Persephonen,
1046 512 1127 573 quam

146 590 176 639 et
194 582 282 658 ipsam
302 580 429 655 corrupit
447 588 568 636 mutatus
587 580 615 635 iu
634 576 800 637 draconem.

189 664 246 723 25.
294 663 353 722 Sed
372 675 402 721 et
419 662 561 741 Europam
580 665 675 741 patrui
693 664 736 722 sui
755 663 864 723 Oceani
881 683 1000 723 uxorem
1023 675 1054 723 et
1079 684 1127 723 so-

145 768 241 809 rorem
260 752 321 808 eius
339 748 523 827 Eurynomen
542 747 695 818 adulterat,
726 759 755 806 et
772 759 883 827 patrem
902 751 996 828 punit,
1018 758 1048 809 et
1062 750 1128 809 Plu·

145 846 193 895 ten
212 832 336 893 Atlantis
355 834 405 891 lilii
423 834 465 892 sui
484 832 625 893 adulterat
639 834 734 904 liliam,
756 854 794 892 ex
807 855 862 913 qua
873 845 966 892 natum
977 834 1030 893 sibi
1041 835 1127 893 lilium

143 921 291 980 Tantalum
310 918 433 978 demunt.
479 919 524 977 Ex
542 918 657 977 Larisse
678 921 761 978 etiam
779 918 953 979 Orchomeni
972 920 1128 1001 genuit'l'i·

145 1016 272 1085 tyoncm,
295 1022 376 1084 quem
390 998 425 1063 'et
443 1005 532 1083 ipsum
551 1005 697 1083 suppliciis
715 1003 841 1063 tradidit.
868 1004 1127 1063 Diamlnionislilii

93 1116 96 1123 ⁴
145 1092 189 1149 sui
209 1090 346 1167 diripiens
364 1108 494 1159 uxorem,
524 1092 612 1168 ipsum
631 1090 805 1167 perennibus
823 1090 938 1148 subiicit
955 1092 1068 1169 poenis,
1097 1101 1128 1149 ct

144 1194 238 1255 paene
258 1194 356 1233 omnes
375 1194 445 1252 quos
469 1192 505 1233 en
523 1173 670 1233 adulteriis
680 1177 781 1251 genuit
791 1176 875 1256 lilios,
896 1176 1041 1235 violentae
1050 1194 1128 1234 mor-

143 1262 187 1339 tis*
200 1259 366 1319 conditione
386 1257 538 1328 damnavit,
560 1272 678 1337 quorum
698 1270 727 1317 ct
746 1260 877 1337 sepulcra
895 1280 989 1339 poene
1005 1262 1126 1319 omnium

144 1347 295 1404 manifesta
314 1354 389 1403 sunt.
437 1342 526 1422 Ipsius
545 1342 669 1421 denique
689 1343 867 1422 parricidae,
898 1348 944 1423 qui
964 1356 993 1403 et
1010 1358 1127 1424 patruos

37 1436 44 1443 “
144 1432 267 1511 peremit
286 1439 315 1487 et
333 1449 438 1489 uxores
458 1448 556 1487 eorum
575 1430 697 1498 vitiavit,
718 1429 865 1487 sororibus
884 1440 1009 1507 stuprum
1020 1432 1124 1501 intulit,

143 1516 323 1575 multiformis
342 1516 417 1592 magi
437 1516 597 1593 sepulcrum
616 1513 734 1573 evidens
753 1524 798 1572 cst
807 1512 880 1592 apud
891 1514 1058 1586 Cretenses,
1080 1518 1126 1594 qni

143 1612 238 1660 tamen
258 1602 384 1659 scientes
403 1610 432 1658 et
451 1599 622 1659 confitentes
640 1598 757 1657 infanda
771 1600 831 1658 eius
841 1608 926 1676 atque
936 1601 1047 1658 incesta
1057 1618 1127 1678 ope·

118 1698 122 1703 “
143 1706 188 1759 ra,
210 1696 240 1744 et
258 1684 386 1743 omnibus
405 1697 583 1755 enarrantes,
604 1686 659 1763 ipsi
679 1704 742 1744 euru
757 1684 890 1742 confiteri
900 1683 982 1743 deum
994 1706 1050 1743 uon
1061 1703 1127 1744 eru-

143 1772 280 1843 bescunt3
300 1770 375 1829 unde
394 1772 494 1829 mirum
512 1770 579 1827 mibi
598 1780 628 1828 ct
636 1769 720 1829 ualde
730 1771 829 1827 mirum
839 1767 964 1840 videtur,
985 1774 1126 1849 quomodo
1213 1772 1223 1788 ‘

144 1859 169 1916 is
198 1859 244 1935 qui
272 1876 359 1934 super
385 1875 483 1913 omues
510 1855 787 1914 mortales-scelere
816 1866 844 1914 et
871 1856 987 1933 flagitiis
1007 1858 1124 1928 eminet,

144 1952 270 2001 sanctum
299 1951 328 1999 et
351 1940 426 2020 quod
445 1951 489 1999 est
507 1959 594 2019 super
612 1960 695 2000 omne
714 1940 817 1999 bonum
842 1960 944 1999 nomeu
963 1943 1124 2020 acceperit,

143 2039 175 2085 ut
192 2038 276 2105 pater
294 2025 410 2085 deornm
430 2038 514 2105 atque
533 2026 675 2085 bominum
698 2037 867 2100 vocaretur,
897 2028 951 2084 nisi
974 2028 1051 2086 forte
1078 2028 1126 2086 ille
1192 2060 1195 2075 =

144 2112 190 2193 qui
209 2113 288 2171 malis
307 2112 446 2171 bominum
467 2111 583 2188 gaudet,
614 2131 677 2171 eum
705 2132 786 2190 quem
814 2111 972 2170 sceleribus
999 2113 1126 2171 eminere
1189 2116 1196 2125 “

144 2219 228 2277 supra
247 2209 380 2256 caeteros
398 2196 480 2268 vidit,
501 2217 586 2276 supra
605 2208 741 2256 caeteros
768 2198 796 2254 ci
823 2196 961 2255 bonorem
990 2198 1125 2255 conferre

143 2285 275 2342 infelices
294 2283 402 2340 animas
421 2283 520 2353 arrosit,
542 2291 573 2339 ut
589 2281 625 2339 ad
644 2282 831 2340 imitationem
846 2282 981 2338 malorum
992 2282 1127 2340 invitaret

143 2370 303 2426 universos.
607 2375 610 2392 ⁸

186 2451 242 2512 24.
291 2448 349 2508 Sed
369 2459 398 2509 et
417 2452 536 2508 liliorum
557 2451 629 2521 eius,
652 2453 699 2529 qui
717 2450 790 2529 apud
805 2471 856 2510 eos
866 2448 904 2509 dii
914 2461 1059 2530 putantur,
1079 2471 1126 2512 se·

142 2539 242 2619 pulcra
261 2536 379 2613 siugulis
399 2535 555 2616 quibusque
566 2538 594 2594 in
605 2537 678 2593 locis
689 2537 916 2595 manifestissime
928 2535 1126 2595 demonstran-

143 2633 205 2695 tur3
233 2621 370 2680 Mercurii
399 2620 473 2700 apud
501 2622 715 2699 Hermopolim,
746 2621 869 2700 Cypriae
900 2621 1025 2680 Veneris
1053 2621 1126 2702 apud

144 2709 280 2788 Cyprum,
299 2705 578 2777 blartisinTbracia,
600 2705 918 2788 LiberiapudTbebas,
938 2707 1127 2788 ubidisccrp·

142 2805 189 2852 tus
207 2792 339 2862 truditur,
359 2791 492 2852 Herculis
511 2791 585 2870 apud
602 2792 719 2870 Tyrum,
740 2791 787 2850 ubi
811 2795 870 2870 igni
898 2804 1040 2852 crematus
1067 2805 1122 2865 est,

142 2880 172 2936 in
190 2877 336 2956 Epidauro
354 2876 538 2956 Aesculapii3
560 2879 662 2956 quique
682 2897 780 2936 omnes
799 2899 855 2936 non
874 2879 964 2937 solutu
987 2889 1018 2938 ut
1036 2879 1127 2938 bomi-

143 2982 195 3022 ues
223 2962 367 3032 defuncti,
397 2961 448 3021 scd
476 2974 506 3020 ut
532 2981 651 3040 nequam
680 2963 808 3021 homines
835 2965 924 3041 puniti
952 2983 1004 3042 pro
1032 2964 1126 3023 scele-
1192 2989 1196 2994 ²

142 3049 220 3107 ribus
239 3047 389 3116 docentur,
419 3057 450 3106 et
476 3060 569 3106 tamen
598 3047 633 3106 ab
661 3047 754 3106 stultis
772 3048 931 3106 bominibus
950 3058 980 3106 ut
998 3047 1037 3106 dii
1056 3048 1126 3106 ado·

143 3137 252 3192 rantur.

184 3217 241 3278 tin.
289 3217 395 3291 Quodsi
415 3220 608 3296 argumentari
627 3218 736 3288 volunt,
758 3227 788 3276 et
805 3219 896 3297 magis
915 3219 986 3278 baec
1001 3217 1126 3278 locaor-

143 3316 303 3363 tuscorum
324 3304 404 3383 quam
423 3305 586 3384 sepulturae
604 3305 650 3364 vel
669 3305 769 3363 mortis
796 3303 962 3375 adfirmant,
992 3324 1029 3363 ex
1055 3305 1126 3362 vici·

143 3391 187 3448 nis
206 3401 236 3448 et
254 3389 345 3448 adbuc
365 3391 530 3450 recentibus
549 3391 639 3468 gestis
658 3391 756 3468 priora
775 3401 805 3449 et
823 3401 922 3449 vetera
951 3390 1126 3449 convincen-

143 3486 200 3545 tur,
221 3494 284 3533 cnm
303 3474 484 3535 docuerimus
503 3474 618 3534 adorari
637 3474 672 3534 ab
692 3476 734 3534 eis
753 3495 816 3547 cos,
837 3495 908 3554 quos
928 3477 1013 3535 etium
1034 3477 1126 3534 bomi-

143 3579 195 3620 ues
222 3562 275 3638 ipsi
303 3571 332 3619 et
360 3559 511 3620 defunctos
533 3561 578 3619 vel
607 3563 701 3638 potius
724 3564 837 3640 punitos
857 3580 921 3620 esse
941 3561 1123 3639 profitentur,

141 3645 223 3704 verbi
252 3647 344 3723 gratia
371 3657 407 3704 ιιιΙ
421 3645 487 3724 Syri
514 3643 658 3717 Adonem,
687 3644 825 3726 Aegyptii
852 3646 967 3716 Osirin,
1006 3644 1125 3704 Ilienses

143 3729 310 3802 Hectorem,
331 3730 403 3809 apud
415 3729 626 3792 Leuconessum
635 3730 790 3803 Achillem,
810 3729 886 3809 apud
895 3731 1013 3790 Pontum
1024 3730 1125 3789 Patro·

144 3816 228 3894 olum,
259 3813 333 3894 apud
360 3815 488 3876 Rhodum
515 3814 709 3877 Alexandrum
735 3815 936 3888 Macedonem,
966 3817 1124 3894 multosque

142 3899 214 3962 alios
241 3916 294 3983 per
315 3898 429 3960 diversa
455 3902 520 3961 loca
546 3901 648 3980 singuli
676 3913 707 3960 ut
733 3900 804 3960 deos
822 3901 919 3959 colunt
942 3911 972 3960 et
990 3899 1122 3975 adorant,
