2634 4400
688 239 808 307 39Δ

605 339 725 353 ...w-m*
730 339 816 353 ..n—q-

221 447 271 514 bat
287 451 463 532 rtatippum,
484 448 559 530 quod
577 449 699 532 Moysen
718 451 867 530 aequalem
886 446 999 512 dieeret
1025 450 1102 513 tero.
1150 450 1206 512 coi

221 539 456 601 Bartholomaeus
475 535 664 616 respondens,
692 548 862 598 onustantur
886 534 1024 608 edocuit,
1052 539 1118 616 quia
1145 559 1205 598 nen

221 626 340 685 dicimus
360 625 450 683 lesem
470 623 559 682 solum
578 622 726 700 aequalem
743 621 859 701 Moysi,
888 620 940 682 sed
959 624 1113 695 maiorem
1137 627 1205 702 quia

219 709 338 790 Moyses
357 708 468 788 quidem
488 708 625 787 propheta
645 708 709 780 luit,
733 707 814 785 quod
826 708 880 768 luit
898 719 928 766 et
945 707 1038 780 lesus,
1063 707 1138 786 quod
1152 728 1205 771 au·

220 808 277 856 tem
297 797 350 854 luit
369 791 459 865 lesus,
484 793 602 871 Moyses
621 794 761 863 nonfuit,
781 792 837 853 boe
857 803 902 852 est
919 792 1065 865 Christus,
1085 803 1118 855 et
1133 784 1203 854 ideo

220 882 311 942 maier
329 881 377 938 ille
394 881 458 938 sine
477 877 574 947 dubio,
596 878 642 956 qni
661 889 692 936 et
709 878 849 956 propbeta
863 875 1033 939 ethristus
1043 888 1098 948 est,
1120 897 1202 956 quero

219 965 268 1026 ille
288 963 334 1044 (pei
353 966 442 1022 solum
461 963 600 1042 propheta
619 973 675 1022 est.
722 944 800 1022 ll'aee
819 963 911 1024 ethis
929 956 1202 1042 similinpluraprm

220 1062 336 1110 secutus
363 1049 451 1107 siluit.
499 1048 567 1106 Post
585 1047 660 1106 laune
679 1047 800 1106 laeobes
818 1047 940 1126 Alphaei
968 1067 1131 1111 sermenem
1156 1049 1201 1108 ie··

221 1138 262 1193 eit
278 1133 314 1192 ad
333 1134 477 1217 populum,
499 1153 553 1211 que
574 1131 753 1204 ostenderet,
774 1151 831 1192 non
850 1133 918 1200 ideo
936 1129 1111 1193 eredendum
1134 1151 1201 1192 esse

220 1217 301 1289 lose,
331 1221 396 1297 quia
423 1217 459 1276 do
483 1238 519 1276 ee
541 1217 700 1296 prophetae
718 1217 926 1296 praedixerint,
954 1213 1008 1280 sed
1024 1214 1092 1278 idee
1110 1220 1201 1295 magis

220 1302 394 1363 eredendum
415 1323 478 1363 esse
497 1302 655 1382 prophetis,
678 1302 753 1381 quod
770 1321 839 1362 rere
858 1303 1016 1382 prophetae
1034 1305 1107 1375 sint,
1136 1305 1201 1382 quia

220 1392 263 1450 uis
286 1390 477 1448 testimenium
492 1389 625 1448 'Cirristus
644 1387 758 1448 reddat.
804 1387 876 1447 Nam
904 1389 1067 1467 praeseutia
1095 1395 1126 1447 et
1150 1385 1200 1448 ad-

219 1485 320 1534 ventus
345 1474 450 1533 Christi
478 1474 542 1532 illes
562 1487 630 1532 rere
648 1473 804 1552 prophet—as
822 1467 913 1532 fuisse
930 1472 1074 1550 designat.
1112 1470 1202 1532 Diues
1295 1504 1296 1559 3

218 1561 268 1619 lmt
286 1561 359 1618 enim
379 1581 435 1618 noo
454 1559 489 1618 ab
509 1558 693 1617 inferioribus
711 1559 823 1627 maiori,
844 1555 895 1616 sed
913 1577 931 1616 a
948 1559 1057 1618 maiore
1080 1558 1201 1618 inl'erie⁴

218 1646 296 1704 ribus
324 1643 391 1701 fidei
414 1643 605 1701 testimoninm
633 1640 706 1700 dari.
753 1641 832 1702 llaee
859 1652 891 1704 et
915 1644 1002 1702 melta
1027 1643 1072 1703 his
1098 1643 1201 1702 similia
1295 1632 1296 1667 ³

217 1738 399 1808 prescientes,
421 1713 646 1786 etimu'lueobus
664 1727 752 1786 siluit.
800 1726 870 1786 Post
886 1728 960 1792 hene
977 1727 1131 1789 bebbaens
1148 1748 1201 1807 po-¹
1295 1738 1296 1761 ¹

218 1814 313 1893 pulum
324 1808 422 1890 eoepit
440 1807 626 1872 vehementer
639 1824 775 1889 arguere,
797 1811 873 1890 qnod
886 1827 943 1873 nen
954 1805 1199 1884 eraderentlesu,

219 1899 265 1976 qui
284 1899 327 1956 eis
345 1901 451 1955 tantum
470 1897 622 1976 profuerit,
648 1895 781 1957 docende
799 1916 873 1976 quae
890 1897 938 1958 dei
951 1909 1045 1970 nsunt,
1079 1897 1200 1958 solando

218 1983 353 2052 afflictos,
367 1981 515 2062 *medendo
535 1982 664 2064 infirmis,
685 2002 826 2061 pauperes
853 1982 1047 2056 consolando,
1075 1982 1129 2042 sed
1146 1998 1200 2061 pre

208 2060 262 2126 'his
287 2067 416 2126 omnibus
443 2059 525 2126 honis
553 2065 619 2126 odia
637 2078 816 2146 mortemque
833 2066 1024 2129 reddiderint,
1070 2068 1151 2128 liaeo
1169 2071 1201 2128 et

217 2153 261 2213 bis
280 2153 381 2211 similia
399 2153 480 2232 plera
499 2171 562 2212 curn
580 2163 660 2211 esset
678 2153 783 2231 populo
801 2164 989 2231 protestatus,
1009 2146 1098 2213 sduila

221 2276 225 2282 -
258 2237 317 2311 tte,
363 2235 400 2297 lit
427 2255 498 2297 eree
526 2258 596 2297 unus
624 2256 660 2297 ex
688 2237 835 2319 discipulis
862 2238 996 2299 Iohannis
1018 2238 1198 2312 adfirmabat,
1295 2287 1296 2328 p

218 2324 359 2383 Christum
379 2321 533 2383 iohannem
551 2324 652 2395 fuisse,
674 2324 896 2396 etnenlesum3
917 2325 1074 2396 intantum,
1094 2326 1198 2403 inquit,
1295 2333 1296 2380 i

217 2421 249 2467 nt
275 2420 306 2467 et
331 2410 393 2487 ipse
422 2409 502 2467 lesus
521 2409 648 2468 omnihus
669 2406 828 2467 homiuibus
847 2420 877 2468 et
895 2409 1042 2488 prophetis
1060 2410 1199 2491 malorem

217 2512 283 2551 osso
301 2487 528 2570 pronuntiaverit
546 2486 713 2552 Iohannenn
761 2488 793 2551 Si
811 2507 901 2571 ergo,
920 2487 1023 2573 inquit,
1043 2496 1135 2553 maier
1152 2498 1199 2553 esl

217 2577 357 2646 erunibus,
379 2578 440 2635 sine
460 2568 545 2635 dubio
565 2588 595 2635 et
611 2576 715 2655 Moyse
734 2579 843 2655 etipse
862 2578 928 2637 lesu
946 2579 1038 2657 maier
1050 2578 1198 2640 habendes

217 2670 272 2720 est.
320 2660 402 2734 Quod
429 2662 451 2719 si
477 2663 598 2719 onrninnr
625 2662 717 2719 nraior
744 2673 799 2733 est,
819 2664 882 2741 ipse
901 2674 946 2723 est
964 2657 1105 2724 sabristnss
1150 2659 1200 2723 Ad
1295 2715 1296 2730 ,

113 2756 118 2765 ’
216 2746 288 2805 haee
309 2746 476 2805 Cananaeus
496 2746 593 2804 Simon
613 2746 803 2825 respondens,
823 2746 951 2807 adseruit
969 2748 1124 2809 iohannem
1137 2762 1198 2807 maa

215 2833 307 2889 iorem
335 2830 446 2909 quidem
475 2832 563 2889 fuisse
592 2826 720 2889 omnibus
747 2828 907 2912 prophetis,
936 2845 967 2892 et
993 2829 1122 2895 omnihus
1148 2829 1198 2913 qut

216 2926 280 2973 sunt
299 2917 348 2973 lilii
367 2917 525 2985 mulierum,
547 2936 602 2974 uon
622 2927 716 2975 tannen
735 2918 871 2977 tunionem
890 2935 955 2981 esse
975 2919 1035 2978 lilio
1060 2920 1193 2978 leontinis.

112 3000 114 3007 ’
214 3000 253 3059 Et
271 3000 336 3061 ideo
365 3001 445 3060 lesus
472 3000 584 3079 quidem
613 3011 643 3059 et
661 2997 790 3061 Christus
809 3014 865 3075 est,
885 3003 1027 3063 lohannes
1045 3024 1116 3065 vero
1149 3025 1198 3063 se*

213 3088 269 3149 lum
289 3086 444 3167 propheta,
474 3097 504 3171 et
530 3096 636 3145 tautum
665 3088 787 3145 interest
811 3090 889 3147 inter
915 3091 1005 3169 ipsum
1032 3102 1062 3149 et
1088 3093 1195 3162 lesum,
1295 3153 1296 3172 ,

213 3174 345 3255 quantum
373 3175 456 3231 inter*
475 3191 695 3250 praecursorem
718 3184 749 3231 et
775 3192 839 3243 euin
866 3176 911 3233 eui
930 3176 1142 3253 praecurritur,
1166 3185 1197 3234 et

214 3270 345 3337 qrrautum
364 3258 440 3314 inter
459 3276 521 3314 eum
541 3258 587 3334 qui
612 3258 705 3334 legem
733 3255 783 3315 dat
814 3270 846 3325 et
868 3278 931 3318 eum
954 3259 1001 3337 qui
1020 3259 1114 3335 legem
1132 3279 1197 3319 ser·

213 3354 272 3401 rat.
302 3342 381 3400 llaec
398 3346 431 3399 'et
449 3340 492 3397 his
511 3342 615 3398 similia
631 3353 802 3419 prosecutus
821 3345 899 3403 siluit
913 3344 998 3403 etiam
1013 3343 1193 3404 Coronaeus·

214 3426 284 3486 Post
311 3446 392 3504 quem
420 3424 565 3485 Barnabas
593 3426 639 3503 qui
667 3436 697 3485 et
714 3423 860 3501 Matthias,
881 3425 928 3508 qui
946 3430 976 3486 in
994 3426 1088 3487 ioeurn
1106 3427 1196 3489 Iudae

214 3507 384 3588 subrogatus
404 3522 449 3569 est
466 3511 624 3591 apestolus,
646 3529 764 3572 monere
782 3515 917 3592 populum
935 3511 1044 3590 eoepit,
1070 3527 1107 3588 ne
1126 3510 1195 3573 odie
1232 3539 1237 3549 ·
1295 3509 1296 3578 i

214 3596 355 3657 haberent
380 3596 477 3681 Iesum¹
500 3614 593 3675 neque
620 3596 852 3676 blasphemarent
878 3615 953 3656 eum.
998 3594 1091 3655 ttutto
1117 3600 1193 3659 enirn
1295 3645 1296 3680 3

214 3701 280 3741 esse
299 3678 418 3753 rectius,
440 3682 524 3741 etiam
543 3678 687 3759 ignoranti
706 3684 750 3741 rel
770 3681 907 3741 dubitanti
926 3680 963 3739 ds
990 3680 1067 3752 lesu,
1095 3700 1193 3743 amare
1295 3695 1296 3718 ¹

214 3786 278 3825 eum
297 3786 377 3843 quam
398 3766 504 3825 odisse.
552 3766 672 3825 (inritati
698 3767 773 3825 enim
800 3765 878 3825 Deus
904 3766 1060 3845 praemium
1083 3768 1192 3845 posuit,

142 3854 145 3857 ’
215 3849 288 3908 odiis
311 3869 443 3927 poenam.
490 3850 553 3908 llee
579 3846 671 3926 ipsum
698 3851 794 3920 enirn,
821 3847 924 3928 iuquit,
954 3849 1029 3931 qued
1047 3850 1192 3913 ludaieuor
