2634 4400
123 495 236 556 poenus
254 485 396 547 statuunt3
417 476 514 536 miseri
533 479 617 534 eruunt
637 487 667 535 et
684 476 713 534 bi
732 476 779 554 qui
797 485 913 533 seruant
930 493 993 532 cum
1008 475 1108 534 labore

125 562 273 632 iustitiam,
294 560 372 618 beati
398 581 468 619 vero
496 561 536 618 itti
555 562 601 638 qui
620 563 648 618 in
667 560 780 619 deiiciis
798 560 895 644 positi,
917 580 979 618 curu
997 561 1109 619 luxuria
1153 594 1157 600 ·

125 658 158 706 et
184 645 298 704 sceiere
324 647 453 703 viventes
480 644 659 724 tyrannidem
688 650 820 704 tenent.‘
846 645 1008 704 Secundum
1036 645 1108 704 baec

125 750 205 807 ergo.
219 749 273 788 nec
292 730 401 788 iustitia
419 732 485 800 erit,
507 750 561 788 nec
579 730 703 800 bonitas,
723 729 842 788 necoda
853 731 953 800 virtus,
974 741 1005 788 et
1014 740 1044 787 ut
1053 731 1106 800 vis,

124 835 181 874 nec
201 813 282 873 deus.
331 813 390 874 Sed
409 815 496 885 haee,
526 814 678 885 oSimon,
707 835 760 874 eur
777 814 885 873 dixeris
903 815 1108 886 scio;·rodeus
1187 846 1190 854 ·

125 901 261 978 proiecto
281 900 409 976 effugere
429 900 622 977 quaestiones,
644 919 680 958 ne
699 901 791 977 possis
810 900 985 959 manifestius
1007 900 1109 958 confu-

112 987 192 1054 tari,
214 995 244 1042 et
261 983 329 1042 ideo
348 985 389 1042 ais
408 1004 464 1048 nou
484 1003 548 1042 esse
567 987 595 1042 in
615 983 760 1062 potestate
779 984 899 1042 hominis
925 985 1033 1042 sentire
1056 985 1109 1042 aii·

126 1068 194 1148 quid
220 1078 269 1128 aut
295 1070 435 1130 invenire.
478 1068 514 1126 'Si
542 1070 615 1127 euim
644 1089 713 1127 vere
740 1069 795 1126 boc
822 1070 863 1127 ita
880 1070 1031 1138 sensisses,
1052 1087 1109 1126 non

125 1155 223 1231 utique
243 1153 326 1211 etiam
346 1165 412 1212 ante
430 1153 579 1212 adventum
599 1173 691 1212 ureum
710 1153 785 1232 apud
803 1154 936 1232 populum
950 1165 978 1212 te
990 1154 1108 1231 profite-

125 1241 200 1298 reris
219 1237 379 1297 doctorem.
425 1238 490 1316 Ego
508 1240 596 1316 igitur
614 1238 680 1296 dico
699 1241 742 1297 sui
753 1257 817 1298 esse
831 1239 942 1296 arbitrii
953 1239 1105 1296 hominem.

125 1323 164 1390 Et
192 1323 307 1382 Simon:
342 1323 415 1396 Quid
445 1335 490 1382 est
516 1325 558 1382 sui
586 1323 717 1382 arbitrii?
744 1323 790 1381 die
812 1324 907 1382 nobis.
954 1322 1056 1382 Petrus
1072 1321 1110 1380 ad

125 1409 216 1469 baec:
238 1407 269 1465 Si
288 1407 356 1464 nitri!
376 1418 473 1485 potest
491 1406 573 1477 disci,
596 1419 696 1466 curet
721 1407 904 1466 audireris?
926 1409 964 1466 Et
991 1409 1106 1465 Simon:

124 1493 204 1552 Nihil
223 1491 311 1551 babes
330 1490 365 1550 ad
384 1493 439 1550 boc
458 1491 533 1571 quod
551 1492 747 1570 respondeas?

168 1578 224 1636 95.
270 1577 338 1635 Tum
359 1575 476 1636 Petrus:
497 1575 608 1646 Dicam,
629 1588 770 1636 nouato
797 1577 975 1655 compulsus*
994 1574 1047 1634 sed
1072 1576 1108 1634 ab

125 1661 304 1722 auditoribus
323 1673 450 1738 rogatus.
495 1661 617 1720 Arbitrii
644 1672 775 1741 potestas
801 1672 846 1720 est
871 1679 971 1720 sensus
998 1662 1109 1719 animae

125 1748 235 1807 babens
262 1747 406 1816 virtutem,
436 1767 490 1825 qua
517 1749 608 1824 possit
634 1747 670 1805 ad
689 1768 760 1826 quos
777 1748 848 1806 redit
865 1755 946 1805 a'ctus
958 1747 1106 1804 inclinari.

123 1833 195 1891 Tum
215 1831 312 1889 Simon
332 1831 497 1890 collaudans
516 1832 630 1890 Petrum
649 1832 788 1910 superbis
799 1850 872 1910 quae
882 1833 1006 1901 dixerat,
1026 1850 1107 1901 rere,

126 1917 229 1995 inquit,
250 1917 402 1992 magnifiee
421 1928 451 1975 et
468 1917 734 1994 incomparabiliter
752 1916 921 1996 exposuisti,
942 1917 1016 1975 bene
1035 1917 1110 1975 enim

126 2001 235 2062 dicenti
254 2002 304 2058 tibi
324 1999 417 2060 dobeo
436 2003 625 2062 testimonium
645 2001 726 2074 dare,
747 2003 802 2062 boe
821 2014 914 2060 tamen
934 2000 1009 2079 quod
1028 2012 1056 2060 te
1066 2003 1110 2058 in·

125 2099 247 2162 terrogo
266 2105 340 2156 nunc
359 2088 382 2144 si
406 2088 574 2165 exposueris
592 2087 671 2158 mihi,
692 2088 720 2144 in
748 2088 874 2147 caeteris
901 2087 1030 2144 omnibus
1058 2086 1124 2143 obn

125 2171 295 2250 temperabo
315 2171 382 2245 tibi3
412 2171 487 2251 quod
510 2191 582 2248 ergo
599 2173 666 2231 volo
686 2171 800 2232 discere
819 2173 874 2231 boc
893 2183 953 2231 est:
983 2171 1015 2229 Si
1034 2169 1110 2249 qnod

126 2257 198 2317 deus
216 2258 373 2327 usitasse,
395 2268 454 2329 est3
476 2268 507 2315 et
523 2258 548 2315 si
566 2256 642 2334 quod
660 2275 719 2314 non
736 2258 795 2315 imit
813 2276 889 2326 esse,
911 2277 966 2314 non
986 2260 1049 2313 esti
1071 2257 1110 2314 dc

126 2343 183 2401 boc
201 2340 345 2419 responde
363 2342 442 2399 mibi.
489 2342 527 2400 Et
548 2340 666 2399 Petrus:
695 2340 726 2399 Si
748 2342 866 2418 ignoras
892 2338 968 2417 quod
985 2339 1110 2398 absurde

126 2438 158 2486 et
176 2428 407 2505 incompetenter
424 2427 600 2502 interroges,
621 2427 776 2503 ignoscens
794 2426 846 2483 tibi
865 2427 927 2503 ipse
955 2430 1107 2503 enponam,

126 2512 152 2571 si
179 2520 273 2569 autem
300 2512 357 2570 scis
384 2509 459 2588 quod
485 2511 728 2587 inconsequenter
753 2512 932 2586 interrogas,
953 2530 1009 2570 nou
1028 2521 1110 2569 recte

126 2596 212 2654 facis.
257 2595 327 2653 Tum
355 2594 470 2653 Simon:
499 2596 577 2666 loro,
607 2596 713 2673 inquit,
742 2597 831 2674 ipsam
859 2612 1044 2674 quaecunque
1063 2596 1111 2652 iila
1187 2595 1197 2601 “

126 2691 173 2740 est
190 2700 321 2739 summam
341 2679 528 2751 divinitatem,
549 2700 621 2759 quae
640 2680 727 2739 babet
743 2680 878 2739 iudicium
904 2690 935 2739 et
956 2678 1110 2739 vindictam

125 2767 157 2824 in
176 2783 227 2823 eos
245 2766 291 2843 qui
309 2772 442 2843 peccaut,
472 2766 537 2844 quia
563 2767 668 2843 ignoro
690 2765 757 2845 quid
780 2768 1012 2843 incompetenter
1024 2761 1111 2823 'dixe-

126 2850 180 2907 rim
200 2849 314 2927 etquid
336 2852 364 2908 in
383 2848 479 2909 verbis
497 2852 568 2909 meis
587 2850 725 2912 habeatur
742 2848 909 2921 absurdum,
930 2850 959 2909 iu
977 2849 1021 2909 bis
1039 2847 1111 2909 duo·

125 2944 297 3011 taxat-quae
316 2936 463 3012 proposui.
1165 2937 1167 2940 ’

170 3016 228 3078 114.
274 3016 321 3081 Ad
340 3017 541 3077 haecPetrus:
562 3021 711 3091 Quoniam,
733 3022 834 3098 inquit,
855 3030 883 3077 te
894 3020 1030 3095 ignorare
1040 3038 1111 3077 con-

126 3104 222 3163 fessus
248 3119 297 3171 es,
327 3100 435 3161 disce·
474 3102 668 3179 interrogatio
695 3114 744 3161 tua
769 3102 880 3161 duobus
906 3103 960 3161 sibi
987 3104 1110 3161 invicem
1142 3098 1157 3174 “,

126 3186 281 3247 contrariis
299 3205 381 3243 uuam
400 3187 572 3245 senteutiam
588 3188 754 3265 postularit.
799 3186 913 3245 Etenim
941 3188 1032 3245 omnis
1050 3208 1111 3245 mo·

125 3284 172 3331 tus
191 3272 218 3329 in
239 3270 308 3329 duas
326 3282 423 3348 partes
442 3269 586 3342 dividitur,
606 3282 638 3330 ut
655 3270 793 3350 quaedam
811 3272 1001 3342 necessitate,
1022 3292 1111 3350 quae-

127 3356 192 3415 dam
210 3356 356 3414 voluntate
375 3366 552 3426 moveantur,
574 3367 603 3415 ot
621 3376 657 3415 ea
675 3355 790 3436 quidem
799 3374 871 3434 quae
883 3358 1040 3415 necessitas
1049 3378 1111 3416 mo-

126 3451 177 3500 vet
194 3458 310 3517 semper
327 3442 355 3498 in
375 3450 452 3499 moto
470 3451 545 3511 sunt,
567 3446 639 3519 quae
659 3461 728 3501 vero
751 3442 882 3500 voiuntas
909 3462 965 3501 uon
983 3462 1108 3521 semper.

128 3525 167 3585 Ut
183 3524 264 3585 verbi
283 3525 499 3603 gratiadieam,
524 3526 593 3603 solis
620 3537 713 3585 motus
739 3528 913 3607 necessitate
941 3525 1054 3588 ducitur
1080 3538 1111 3586 ut
1215 3598 1219 3611 Ι

127 3620 261 3675 statutum
281 3610 424 3689 compleat
442 3628 564 3682 cursum,
586 3612 733 3690 omnisque
751 3622 841 3669 status
868 3613 944 3671 coeii
970 3622 1001 3669 ct
1026 3612 1109 3690 mini-

127 3695 218 3765 steria
244 3696 415 3755 necessariis
442 3695 564 3755 motibus
590 3706 735 3762 constant.
782 3696 872 3754 Homo
898 3715 968 3755 vero
994 3705 1109 3753 actuum

127 3798 243 3837 suorum
261 3790 352 3837 motus
369 3780 544 3839 voluntarios
567 3779 654 3859 gerit.
700 3779 738 3839 Et
755 3779 822 3839 ideo
849 3781 905 3837 elia
931 3788 1005 3849 sunt,
1035 3798 1107 3857 quae

128 3862 165 3927 ob
193 3862 248 3921 hoc
275 3874 373 3925 creata
399 3876 473 3943 sunt,
503 3876 533 3925 ut
560 3866 588 3925 in
607 3865 771 3946 ministeriis
790 3866 847 3925 suis
865 3864 1039 3925 necessitate
1057 3860 1109 3923 de-
