2634 4400
584 241 650 302 109

509 337 722 348 *m—

123 443 226 519 lloma,
247 444 407 526 poenitebit
425 456 464 506 te.
495 429 631 526 “Et'post
648 445 721 505 baec
739 449 802 525 ipse
822 445 933 526 quidem
952 459 983 507 ut
999 450 1105 520 aiebat,

123 533 241 592 Romam
266 533 361 611 petiit,
391 551 447 609 ego
476 543 569 592 autern
600 532 752 590 confestim
769 531 843 592 redii
862 533 930 606 buo,
950 553 1047 604 orans,
1075 546 1106 592 ut

122 639 169 677 me
188 619 327 696 suscipias
344 615 380 676 ad
399 618 617 695 poenitentiam,
637 618 703 694 quia
721 617 757 675 ab
777 637 812 676 eo
832 617 972 696 deeeptus
989 639 1061 676 sum.

166 701 223 761 64.
271 702 340 762 Cum
367 703 439 760 haec
458 701 579 762 dixisset
597 704 620 760 is
640 703 687 780 qui
705 721 723 760 a
741 700 859 760 Simone
877 721 1029 780 regressus
1048 714 1104 774 est,

123 789 207 848 iussit
229 805 292 848 enm
316 787 416 845 Petrus
435 788 462 844 in
481 788 556 846 atrio
573 786 717 846 residere.
764 786 1107 866 Procedensautemipse

124 885 156 932 ct
173 872 270 930 turbas
288 872 424 950 plurimas
439 869 551 943 videus,
572 872 659 930 multo
678 873 775 950 plures
802 893 884 950 quam
910 873 1107 951 superioribus

125 955 238 1028 diebus,
259 958 340 1030 stetit
359 958 387 1014 in
406 957 471 1016 loco
492 958 577 1016 solito
596 968 626 1016 et
645 956 801 1015 ostendens
824 976 887 1014 enm
907 959 955 1035 qui
971 969 1105 1028 venerat,

124 1061 286 1101 sermonem
313 1041 413 1100 lacere
440 1043 495 1101 boc
522 1040 606 1100 modo
635 1042 749 1119 coepit:
779 1041 849 1111 Iste,
879 1043 995 1114 iratres,
1024 1061 1107 1120 quem
1168 1113 1176 1123 ἃ

124 1125 247 1185 ostendo
265 1125 346 1184 vobis
365 1126 544 1208 paullolante
561 1127 640 1185 venit
658 1125 693 1185 ad
712 1147 768 1198 me,
789 1125 1108 1185 deSimonismibima-

124 1212 160 1270 lis
178 1211 285 1269 artibus
305 1212 453 1283 nuncians,
475 1210 617 1290 quomodo
636 1211 725 1288 ipsam
744 1212 865 1269 sceleris
892 1214 935 1270 sui
963 1211 1106 1270 officinam

123 1296 284 1374 proiecerit
301 1297 336 1353 in*
349 1295 530 1373 profundum,
551 1316 607 1353 non
627 1297 706 1372 quasi
725 1297 903 1373 poenitentia
921 1294 1035 1368 duetus,
1055 1295 1107 1354 sed

124 1391 256 1439 metuens
275 1399 310 1439 ne
330 1379 526 1458 deprehensus
543 1380 665 1458 publicis
688 1380 800 1456 legibus
827 1380 1002 1439 subiaceret.
1049 1380 1107 1438 Ro-

124 1465 213 1543 gabat
230 1447 324 1523 alutem
343 1465 430 1536 bunc,
450 1476 480 1524 ut
498 1464 579 1536 dicit,
600 1483 719 1522 munera
736 1464 877 1542 pollicens
891 1465 1040 1536 immensa,
1060 1485 1108 1523 se-

124 1569 335 1609 cummanere.
384 1551 472 1622 Quem
492 1569 555 1608 eum
573 1547 695 1608 suadere
722 1550 836 1607 minime
863 1551 1013 1626 potuisset,
1043 1560 1108 1606 tan-

125 1654 208 1713 quam
228 1635 358 1711 ignauum
385 1636 537 1713 increpans
560 1632 715 1712 dereliquit
732 1636 794 1712 ipse
813 1631 929 1692 Romam
948 1644 1060 1711 petens.
1078 1636 1105 1705 ¹)

94 1745 105 1756 ¹·
125 1719 252 1796 Cumque
271 1719 343 1777 baec
363 1718 464 1778 Petrus
482 1719 637 1780 iudicasset
654 1719 757 1789 turbis,
778 1721 841 1796 ipse
860 1720 906 1796 qui
922 1738 1072 1795 regressus
1091 1739 1108 1776 a

124 1803 243 1862 Simone
262 1804 367 1873 fuerat,
388 1803 502 1882 publice
521 1815 599 1864 stans
616 1804 729 1880 singula
747 1823 877 1881 quaeque
896 1803 1106 1882 coepitpopulo

124 1907 274 1966 exponere
293 1887 329 1946 de
348 1888 506 1947 sceleribus
525 1887 660 1948 Simonis.
704 1888 741 1945 ut
759 1908 823 1946 cum
841 1889 982 1966 graviter·
995 1890 1107 1947 ferrent

124 1973 162 2032 de
182 1967 237 2044 bis,
258 1991 331 2050 quae
350 1971 504 2032 audiebant
521 1993 575 2052 per
592 1984 672 2032 artes
689 1974 816 2051 magicas
838 1983 922 2050 gesta
938 1992 956 2032 a
974 1972 1104 2042 Simone,

124 2059 166 2116 ait
185 2057 301 2116 Petrus:

167 2140 224 2201 65.
271 2140 369 2202 Nolite
388 2144 505 2215 iratres,
526 2145 654 2222 graviter
672 2145 751 2203 ferre
770 2140 807 2202 dc
825 2144 868 2202 bis
878 2162 952 2222 quae
962 2154 1106 2203 transacta

124 2238 201 2298 sunt,
222 2227 273 2286 sed
292 2228 444 2287 observate
463 2228 635 2301 defuturis,
657 2247 730 2307 quae
749 2229 823 2286 enim
851 2230 1026 2286 transierunt
1052 2230 1107 2286 iant

124 2314 205 2371 linita
223 2324 298 2384 sunt,
327 2332 401 2391 quae
419 2332 489 2372 vero
509 2314 656 2385 imminent
673 2312 837 2391 periculosa
855 2323 919 2369 sunt
936 2312 980 2369 bis
998 2314 1044 2389 qui
1063 2314 1107 2369 in-

126 2398 281 2468 currerint,
302 2396 436 2457 scandala
455 2398 529 2456 enim
547 2417 688 2475 nunquam
707 2396 830 2455 deerunt
843 2396 908 2455 hnic
918 2395 1034 2467 mundo,
1055 2395 1107 2454 do·
1133 2446 1138 2455 .

124 2500 180 2541 nee
200 2483 372 2559 permittitur
389 2483 504 2541 inimico
524 2501 614 2559 agere
632 2503 686 2560 pro
704 2482 923 2552 voluntatesua,
943 2480 1107 2560 utprudeu·

124 2578 170 2625 tes
189 2569 293 2645 quique
311 2578 342 2625 et
358 2568 553 2644 intelligentes
580 2568 699 2627 astutias
722 2568 784 2626 eius
811 2566 964 2625 suscitatos
990 2567 1043 2624 sibi
1071 2565 1106 2623 ab

125 2670 162 2709 eo
181 2662 318 2728 superent
335 2671 456 2729 agones,
477 2651 506 2709 bi
524 2671 593 2711 vero
613 2654 660 2730 qui
678 2652 829 2730 negligunt
847 2649 961 2711 discere
979 2670 1052 2728 quae
1070 2649 1106 2708 ad
1138 2722 1142 2736 Ι

125 2736 244 2794 salutem
262 2738 408 2815 pertinent
425 2736 536 2795 animae
555 2757 636 2808 suae,
657 2738 738 2796 iustis
760 2736 796 2795 ab
824 2755 860 2795 eo
888 2734 1106 2814 deceptionibus

126 2822 286 2897 capiantur.
334 2821 405 2893 Quia
424 2840 495 2897 ergo
515 2832 545 2879 nt
562 2822 617 2899 ipsi
635 2820 764 2892 audistis,
786 2821 883 2879 Simon
909 2840 1043 2898 egressus
1062 2830 1107 2879 est

125 2924 211 2963 aures
230 2905 379 2981 gentilium
398 2906 444 2982 qui
463 2904 498 2963 ad
518 2906 636 2965 salutem
655 2907 750 2965 vocati
769 2917 833 2964 sunt
850 2907 1033 2984 praevenire,
1055 2923 1107 2962 ne·

37 3028 42 3035 -
126 3008 210 3047 cesse
229 2999 274 3061 cst
292 2999 322 3045 et
339 3007 384 3046 me
402 2990 524 3065 vestigia
547 2991 608 3047 eius
626 2991 754 3066 insequi,
783 3001 815 3047 ut
840 2990 864 3047 si
891 2987 957 3066 quid
975 2990 1051 3047 forte
1070 2987 1106 3045 ab

125 3074 174 3131 illo
195 3070 367 3148 disputatum
386 3071 483 3141 luerit,
513 3074 677 3149 corrigatur
703 3092 720 3129 a
746 3071 840 3130 nobis.
886 3070 947 3128 Sed
974 3074 1105 3149 quoniam

124 3160 229 3216 iustum
249 3166 294 3213 est
311 3154 347 3215 de
366 3154 447 3231 vobis
466 3156 601 3214 maiorem
620 3155 841 3216 sollicitudinem
869 3155 949 3231 geri,
978 3156 1024 3233 qui
1050 3156 1105 3213 iam

124 3245 201 3300 intra
220 3260 314 3298 murus
332 3241 408 3298 vitae
428 3241 623 3310 continemini,
644 3242 710 3317 qnia
732 3239 808 3319 quod
825 3240 993 3315 acquisitum
1011 3250 1056 3297 est
1081 3239 1120 3315 si,

125 3337 240 3404 pereat,
262 3326 390 3384 damnum
409 3325 507 3395 infert,
522 3326 551 3396 2)
585 3324 660 3403 quod
679 3336 773 3383 autem
792 3322 913 3383 nondum
941 3325 965 3382 si
992 3323 1105 3403 quidem

28 3426 31 3485 ζ
76 3450 79 3455 -
125 3411 248 3469 inveniri
266 3412 408 3490 potuerit,
437 3411 545 3469 lucrum
573 3420 629 3481 est,
657 3411 682 3468 si
708 3411 799 3469 minus
824 3410 880 3469 boe
903 3408 1104 3467 solum-damni

166 3648 189 3706 ¹)
208 3649 342 3707 Cumque
360 3649 438 3695 baec
457 3649 569 3695 Petrus
588 3652 614 3695 ct
632 3663 697 3707 quae
716 3650 858 3707 sequuntur
875 3644 1005 3695 vocabula
1023 3661 1105 3705 usque

127 3715 278 3775 adillucnp.
297 3720 336 3763 65.
356 3716 595 3776 deceptionibus
615 3716 784 3776 capiuntur
797 3716 888 3762 desunt
902 3715 1101 3773 incodddtipss.

127 3783 296 3910 ¹11¹{pulluud
314 3786 418 3833 autem
437 3810 469 3821 -
489 3781 686 3850 factuminon
706 3787 828 3831 estnon
845 3783 1012 3842 legnutnrin
1031 3783 1102 3831 codd.
