2634 4400
681 259 729 320 Sd

559 361 564 368 ι
597 353 811 366 ι--ι-ι--ᾴ

212 457 318 546 figens,
344 465 456 528 diuersa
482 457 633 528 schismata
652 465 827 546 operabatur
843 468 872 524 in
891 464 1008 546 populu,
1028 474 1059 524 nt
1076 466 1101 525 si
1117 465 1198 525 'forte
1298 536 1299 547 χ

213 556 291 633 prius
309 563 459 632 peccatum
477 555 618 632 potuisset
635 550 759 622 aboleri,
779 548 906 610 secunda
915 551 1024 628 corrigi
1035 551 1120 628 culpa
1137 571 1199 608 nou
1298 550 1299 553 ’

213 649 323 718 posset.
369 637 439 697 Erat
467 656 539 715 ergo
566 639 685 716 primunr
703 636 826 695 schisma
843 655 942 695 corner
960 636 1008 714 qui
1026 633 1200 694 dicebantur
1298 638 1299 649 ¹

213 721 397 794 Sadducaei,
430 723 512 781 initio
540 721 674 782 Iohannis
692 722 747 779 iam
765 739 859 798 paene
886 719 1064 798 temporibus
1089 730 1196 778 unito.

213 807 304 887 Hique
332 817 363 865 ut
389 809 496 866 ceteris
514 808 666 876 iustiores,
686 823 845 884 segregare
864 825 896 865 se
915 823 1043 884 coepere
1061 823 1079 862 a
1097 803 1198 883 populi

212 903 309 962 noctu,
331 902 361 950 et
386 902 560 950 mortuorum
578 890 821 950 resurrectionem
848 906 969 967 negare,
1002 887 1088 966 idque
1110 907 1199 966 agu-

211 987 308 1037 mento
304 965 503 1036 infidelitatis
521 974 676 1045 adserere,
697 973 828 1033 dicentes
844 994 913 1032 non
930 993 995 1033 esse
1014 970 1147 1050 dignu,
1166 982 1200 1029 ut
1261 989 1266 998 ⁴

213 1064 292 1140 quasi
318 1060 370 1118 sub
397 1058 531 1118 mercede
558 1060 708 1138 proposita
733 1059 845 1117 colatur
870 1057 951 1118 deus.
997 1054 1110 1116 Auctor
1126 1075 1198 1115 vero

212 1145 373 1205 sentcntiae
401 1143 481 1202 huius
508 1146 615 1222 primus
641 1141 808 1214 Dositbens,
837 1138 981 1203 secundus
1003 1140 1103 1201 Simon
1130 1141 1196 1200 fuit.

211 1227 299 1288 Aliud
326 1227 510 1288 Samaraeum
537 1229 660 1287 schisma
686 1238 746 1301 est,
770 1229 826 1306 ipsi
852 1229 927 1287 enirn
953 1226 1198 1287 resurrectionem

212 1325 387 1373 mortuorum
407 1324 546 1390 negantes
564 1313 711 1384 adserunt,
722 1333 788 1388 ‚nou
807 1314 835 1370 in
854 1311 1074 1392 Hierosolymis,
1098 1309 1176 1371 sed
1167 1331 1199 1368 ιιι

212 1409 308 1459 monte
337 1397 452 1456 Garizin
480 1395 654 1457 adorandum
682 1416 746 1458 esse
774 1395 868 1456 deum.
916 1397 970 1471 Qui
995 1407 1091 1455 umen
1112 1415 1198 1454 ιιιιιιιι

211 1503 308 1542 verum
328 1484 496 1562 prophetam
524 1503 561 1542 ex
578 1482 689 1562 Moysis
706 1481 957 1541 vaticinationibus
974 1491 1057 1540 recte
1075 1498 1199 1558 exspec-

212 1579 318 1638 tantes,
339 1569 481 1646 pravitate
500 1566 632 1628 Dosithei
651 1567 781 1646 impediti
800 1577 877 1636 snut,
897 1586 933 1625 ne
951 1566 1026 1625 bunc
1045 1583 1129 1644 quem
1146 1582 1198 1623 ex·

212 1652 393 1753 spectabant,
414 1650 571 1711 crederent
588 1669 653 1710 esse
671 1650 775 1710 lesum.
805 1649 927 1710 Scribas
947 1669 1058 1729 quoqne
1076 1660 1108 1708 et
1124 1647 1199 1706 Pta-

103 1737 116 1760 '
212 1737 300 1796 risaei
318 1737 347 1792 in
366 1734 443 1794 aliud
461 1735 584 1794 schisma
603 1733 793 1794 deducuntur.
840 1733 900 1794 Scd
918 1727 947 1793 lli
965 1733 1101 1813 baptizati
1119 1753 1138 1791 a
1149 1731 1199 1792 lo·

211 1822 318 1890 banne,
339 1830 368 1878 ct
387 1821 463 1879 velut
482 1821 589 1879 clavem
608 1821 692 1898 regni
711 1820 857 1880 coelorum
875 1818 993 1878 verbum
1011 1819 1140 1877 veritatis
1152 1827 1198 1876 te·

212 1917 315 1964 nentes
333 1925 370 1962 cx
387 1903 497 1983 Moysis
515 1903 670 1963 traditione
688 1915 863 1983 susceptum,
885 1905 1066 1962 occultarunt
1081 1901 1198 1961 auribus

213 1991 323 2069 populi.
371 1987 431 2048 Sed
449 1999 534 2048 etex
553 1988 701 2067 discipulis
719 1989 866 2059 lobannis,
887 1990 936 2066 qui
953 1986 1124 2047 ridebantur
1133 2005 1197 2046 esse

212 2075 321 2151 magui,
343 2084 535 2152 segregarunt
553 2093 584 2132 se
603 2093 620 2131 a
638 2073 757 2151 populo,
778 2085 808 2132 et
826 2074 991 2151 magistrum
1012 2091 1092 2130 suum
1110 2071 1199 2130 veluti

183 2154 186 2160 ’
213 2159 355 2218 Christum
375 2157 588 2238 praedicarunt.
620 2157 699 2218 llaec
717 2169 811 2219 autem
831 2159 925 2218 omnia
943 2166 1116 2237 praeparata
1133 2165 1200 2215 suut

213 2246 386 2316 schismata,
415 2255 494 2303 utet
520 2241 592 2304 fides
611 2242 717 2304 Christi
745 2264 799 2325 per
825 2244 899 2303 baec
926 2242 1134 2325 impediretur,
1167 2251 1199 2301 et

212 2324 364 2409 baptisma.

254 2413 311 2474 55.
357 2415 564 2487 Veruntamen,
585 2426 615 2473 ut
625 2414 724 2476 dicere
744 2435 945 2494 coeperamus,
957 2434 1021 2473 cum
1030 2413 1200 2492 frequenter

212 2520 265 2559 nos
279 2500 410 2576 pontifex
419 2520 473 2577 per
482 2498 651 2559 sacerdotes
666 2512 811 2577 rogasset,
832 2512 861 2558 ut
873 2498 908 2559 de
919 2499 984 2558 lesu
1002 2517 1097 2557 sermo
1114 2496 1199 2555 nobis

211 2584 368 2643 traheretur
385 2581 421 2641 ad
440 2585 622 2652 alterutrum,
643 2584 691 2640 uhi
710 2594 899 2661 opportunum
917 2585 1006 2641 visum
1020 2593 1065 2643 est
1082 2583 1201 2641 etomni

213 2668 359 2727 ecclesiae
387 2667 513 2745 placuit,
542 2664 724 2725 ascendimus
750 2665 788 2725 ad
813 2667 965 2744 templum,
995 2678 1026 2726 ct
1041 2677 1151 2726 stantes
1169 2668 1199 2723 iu

126 2778 132 2793 ·
212 2750 350 2830 gradibus
377 2770 432 2808 una
459 2771 522 2809 eum
546 2750 678 2809 fidelibus
701 2750 837 2810 fratribus
865 2752 982 2822 nostris,
1003 2753 1081 2811 facto
1100 2750 1200 2829 populi

213 2854 321 2895 summo
339 2836 466 2905 silentio,
487 2837 567 2913 prior
586 2836 717 2913 pontifex
735 2834 989 2914 coepitadbortari
1001 2836 1148 2915 populum,
1168 2844 1201 2895 ut

212 2921 358 3001 patienter
376 2930 406 2977 et
424 2939 486 2977 cunr
506 2921 602 2997 quicto
621 2917 748 2991 audiant,
777 2921 914 2999 simulque
942 2942 1041 2982 eurum
1064 2939 1136 2998 quae
1155 2918 1200 2978 di·

213 3002 306 3063 cenda
324 3014 400 3075 suut,
421 3014 510 3061 testes
529 3014 559 3063 et
576 3002 687 3065 iudices
706 3004 785 3063 fiunt.
815 3004 885 3064 Tum
903 3004 1008 3066 deiude
1026 3004 1120 3063 multis
1139 3004 1200 3061 lau·

214 3088 295 3147 dibus
314 3088 438 3147 efferens
456 3088 662 3146 sacrificiorum
682 3091 778 3161 ritum,
799 3092 845 3168 qui
864 3089 901 3149 ad
919 3091 1115 3151 remissionem
1129 3107 1200 3167 pec-

212 3185 343 3233 catorum
361 3172 521 3232 lrurnanor
501 3175 603 3251 generi
623 3170 755 3233 divinitus
774 3187 853 3233 esset
881 3175 1016 3245 indultus,
1046 3172 1200 3252 caussaba·

178 3297 180 3307 ·
214 3270 259 3317 tur
283 3256 348 3314 lusu
376 3259 465 3315 nostri
493 3258 633 3336 baptisma
664 3260 742 3317 relat
768 3270 871 3317 contra
896 3258 969 3318 haee
989 3276 1081 3336 nuper
1099 3256 1200 3314 induc·

213 3354 282 3399 turn.
330 3340 390 3399 Sed
417 3343 662 3420 propositionibus
681 3345 743 3402 eius
771 3361 928 3402 occurrens
954 3341 1115 3400 Matthaeus
1138 3342 1200 3398 eri·

169 3440 177 3498 J
213 3426 316 3485 denter
334 3425 470 3497 ostendit,
492 3426 607 3505 quod
584 3448 608 3485 su
628 3430 689 3505 quis
707 3427 773 3486 lesu
791 3427 931 3506 baptisma
948 3446 1005 3484 uon
1023 3424 1112 3483 fuerit
1129 3444 1200 3483 con-

170 3541 173 3584 t
213 3520 339 3580 secutus,
369 3512 392 3568 is
420 3531 475 3569 non
503 3513 591 3570 solum
612 3514 758 3571 coetorum
777 3531 868 3589 reguo
886 3504 1081 3578 fraudabitur,
1100 3527 1200 3568 verum

172 3639 174 3654 .
213 3606 243 3653 et
260 3596 289 3652 in
316 3598 530 3655 resurrectione
557 3607 732 3655 mortuorum
754 3616 810 3653 uon
838 3595 943 3670 absque
971 3593 1102 3672 periculo
1129 3594 1197 3664 erit,

170 3672 324 3739 1etiamsi
352 3679 445 3738 bonae
473 3682 550 3737 vitae
578 3690 607 3738 et
626 3691 725 3745 rectae
749 3680 850 3772 mentis
869 3679 1073 3756 praerogativa
1090 3678 1199 3735 munia·

212 3766 269 3821 tur.
325 3762 405 3822 llaec
433 3775 463 3821 et
489 3764 532 3821 lris
565 3764 669 3821 similia
704 3744 904 3841 prosecutus
895 3763 997 3821 siluit
1022 3761 1195 3823 Matthaeus.

254 3845 308 3906 56.
357 3846 416 3907 Sed
435 3846 670 3936 Sadducaeorum
687 3866 765 3925 pars,
786 3864 858 3925 quae
877 3858 1198 3926 negatesseresurrcc·
