2634 4400
219 540 295 613 dum,
316 561 373 600 non
392 538 525 612 calidum,
555 561 611 599 nou
630 539 779 619 frigidum,
809 541 860 599 sed
888 543 983 600 omnia
1002 542 1082 601 simui
1099 544 1202 614 mixta,

219 640 248 687 ot
266 646 381 707 semper
398 646 481 685 unum
500 627 588 685 fuisse
607 628 748 698 intorme3
768 626 921 705 aliquando
939 638 1035 686 tamen
1059 631 1138 707 qnasi
1164 629 1203 687 ad

220 714 265 771 ovi
284 714 411 771 immanis
430 711 553 783 modum,
574 714 782 791 perimmensa
801 722 930 791 tempora
958 714 1089 772 effectam
1113 734 1204 794 pepe·

218 800 291 857 risse
310 817 345 856 ae
363 794 516 877 protulisse
536 816 572 855 ex
590 818 621 855 se
641 796 781 875 duplicem
802 796 940 875 quandam
959 801 1098 876 speeiem,
1120 820 1203 878 quant

218 885 258 943 itti
278 884 538 941 muscetoienrinam
555 894 671 953 vocant,
694 902 730 941 ex
745 884 891 940 contraria
909 882 1085 943 admixtione
1105 885 1203 943 huius-

218 967 294 1027 modi
314 967 487 1027 diversitatis
506 968 633 1046 speeiem
658 978 840 1039 concretam3
862 979 891 1026 et
918 968 973 1026 hoe
1002 988 1067 1027 esse
1093 971 1203 1047 prinei-

219 1056 294 1134 pium
310 1056 444 1123 omnium,
466 1052 541 1131 quod
559 1054 676 1131 primum
698 1071 735 1109 ex
753 1053 872 1111 materia
882 1055 999 1132 puriore
1010 1056 1200 1133 processerit,

219 1137 350 1218 qnodque
378 1136 542 1216 procedens
561 1135 765 1195 discretionem
785 1148 906 1216 quattuor
925 1139 1129 1197 elementorum
1150 1139 1202 1197 de-

219 1223 307 1293 derit,
329 1234 358 1281 et
377 1242 413 1279 ex
432 1222 540 1281 dnobus
558 1242 630 1301 quae
649 1223 739 1300 prima
758 1234 822 1279 sont
841 1224 990 1282 elementis
1009 1224 1114 1282 feeerit
1132 1244 1203 1283 coe-

218 1310 293 1379 lem,
315 1328 353 1366 ex
379 1308 441 1365 abiis
460 1319 552 1367 autem
572 1319 698 1376 terrain,
729 1308 882 1385 exquibus
909 1311 964 1367 iam
992 1311 1084 1367 omnia
1112 1310 1204 1387 parti·

218 1394 364 1473 eipntione
393 1394 434 1450 sui
464 1394 583 1453 invicem
612 1394 691 1451 nasci
711 1392 781 1450 dicit
800 1403 829 1450 et
847 1394 939 1471 gigni.
989 1390 1067 1452 flacc
1087 1392 1202 1473 quidem

219 1479 360 1557 Orpheus.

259 1564 316 1622 ut.
364 1562 516 1641 Subiungit
534 1575 627 1622 autem
647 1564 691 1621 his
710 1574 739 1621 et
758 1562 911 1635 Hesiodus,
940 1575 1007 1642 post
1030 1564 1123 1623 Chaos
1143 1576 1202 1623 sta-

217 1650 266 1710 tim
286 1650 397 1708 eoelum
417 1648 516 1708 dicens
534 1650 638 1708 factem
659 1668 724 1708 esse
744 1662 773 1708 et
786 1661 904 1721 terram,
927 1669 963 1708 ex
974 1649 1073 1729 quibos
1082 1652 1123 1708 ait
1133 1669 1203 1730 pre-

218 1735 414 1813 genitosiiios
433 1734 575 1807 undecim,
597 1755 669 1814 quos
687 1733 828 1793 interdum
848 1746 878 1793 et
895 1734 1046 1793 duodecim
1062 1734 1142 1806 dicit,
1164 1756 1203 1795 ex

219 1821 318 1899 quibus
337 1840 388 1878 sex
407 1840 519 1891 mares,
550 1822 672 1900 quinque
692 1821 812 1878 feminas
840 1822 935 1898 ponit,
965 1822 1079 1878 nomina
1105 1832 1201 1879 autem

218 1906 267 1963 dat
285 1906 427 1963 maribus:
449 1905 592 1977 Oceanus,
623 1906 729 1976 Coeus,
760 1906 854 1976 Ceius,
884 1905 1043 1985 Hyperiou,
1072 1904 1199 1984 Iapetus,

218 1990 328 2054 Crouus
348 1991 394 2066 qui
413 2000 443 2049 et
459 1989 609 2060 Saturnus,
630 1992 698 2049 item
713 1991 841 2048 feminis:
861 1988 1051 2061 Thimttten,
1071 1991 1199 2062 Themis,

216 2074 416 2152 Mnemosyne,
444 2074 554 2145 Thetis,
577 2094 649 2154 quae
670 2077 789 2133 nomina*
801 2094 854 2153 per
871 2076 1104 2153 abegerinmboe
1114 2074 1200 2134 modo

217 2163 457 2238 interpretantur:
487 2180 632 2221 numerum
660 2160 772 2240 quidem
800 2159 932 2220 undecim
959 2162 1004 2221 vei
1035 2159 1198 2234 duodecim,

217 2248 304 2325 ipsam
325 2245 421 2304 dicunt
439 2248 556 2326 primam
574 2258 715 2317 naturam,
746 2267 827 2324 quam
855 2259 884 2305 et
912 2246 1018 2304 Rhenm
1045 2267 1061 2304 a
1084 2246 1199 2305 sseendo

218 2331 321 2390 dictam
336 2333 449 2402 volunt,
470 2333 597 2413 reliquos
616 2345 709 2390 autem
730 2330 830 2390 decem
845 2331 1006 2391 accidentia
1023 2332 1083 2390 cius
1103 2331 1201 2390 dicunt

218 2437 286 2496 quas
305 2429 335 2475 et
354 2418 504 2494 qualitates
523 2418 679 2496 appellant,
711 2416 908 2475 duodecimum
927 2429 1022 2475 tameo
1045 2416 1151 2475 addunt
1170 2428 1201 2475 et

173 2559 180 2570 ,
217 2501 340 2560 Cronum
360 2522 442 2580 quern
461 2502 534 2580 apud
554 2523 606 2561 nos
626 2502 776 2561 Saturnum
806 2501 919 2576 dicunt3
948 2503 1023 2560 herne
1050 2522 1103 2580 pro
1127 2513 1200 2559 tem·

216 2607 288 2665 pore
307 2588 463 2664 accipiunt.
512 2587 662 2646 Saturnum
683 2607 756 2664 ergo
785 2598 815 2645 et
837 2587 942 2645 Rheam
962 2598 1073 2665 tempus
1092 2598 1201 2665 ponunt

217 2683 247 2729 et
264 2674 423 2743 materiam,
445 2692 516 2750 quae
534 2674 581 2731 obi
601 2693 663 2732 eom
692 2672 805 2731 humido
834 2682 863 2731 et
881 2671 962 2730 arido
991 2683 1021 2730 et
1047 2670 1141 2730 calido
1169 2683 1199 2730 et

216 2754 322 2832 frigido
342 2767 470 2835 tempore
489 2759 595 2816 tuerint
613 2757 749 2827 admixta,
771 2760 1026 2836 omniagenernut.

258 2841 315 2900 ab.
362 2841 441 2900 Haec
461 2861 545 2920 ergo,
567 2845 668 2921 inquit,
698 2843 789 2922 primo
818 2845 939 2901 onmium
963 2854 1092 2921 tempore
1111 2842 1198 2900 molto

217 2935 380 2984 concretam
400 2928 500 3004 genuit
518 2927 656 3006 quandam
676 2929 754 3007 quasi
772 2928 886 2999 brittam,
909 2949 979 3006 quac
995 2946 1031 2987 ex
1041 2929 1140 3006 spiritu
1151 2930 1197 3006 qui

216 3013 244 3069 in
264 3013 343 3090 aquis
362 3023 434 3084 erat,
460 3013 592 3091 paulatim
613 3015 736 3073 collecta
754 3015 884 3072 intumuit
903 3025 932 3072 et
954 3014 1098 3091 aliquanto
1127 3023 1198 3071 teru-

216 3115 287 3177 pore
307 3098 480 3156 circumacta
498 3118 551 3177 por
569 3099 749 3177 superficiem
770 3099 917 3169 dieterico,
939 3117 1048 3175 exque
1068 3099 1146 3176 quasi
1161 3117 1199 3156 ex

214 3183 297 3241 vulva
316 3195 515 3260 processerat,
536 3185 635 3261 rigore
664 3184 782 3261 frigoris
809 3182 947 3242 obdurata
975 3194 1005 3241 et
1031 3182 1198 3260 glacialibus

215 3270 375 3345 augmentis
394 3287 508 3347 semper
525 3270 705 3342 inerescens,
725 3267 843 3346 abrupta
854 3267 967 3327 tandem
979 3266 1157 3344 demergitur
1171 3268 1199 3325 in

215 3353 396 3431 profundum,
417 3373 451 3412 ue
470 3354 600 3432 pondere
618 3356 682 3432 ipso
705 3365 850 3432 pertracta
869 3355 896 3412 in
916 3355 1057 3412 infernum
1076 3352 1199 3412 deseen-

216 3436 268 3508 dit,
289 3448 318 3496 et
337 3439 401 3516 quia
420 3439 566 3497 invisibilis
585 3439 662 3496 faeta
680 3447 734 3508 est,
755 3437 846 3497 hides
864 3439 1004 3518 appellata
1023 3449 1082 3508 est,
1104 3439 1150 3516 qui
1170 3449 1200 3496 et

216 3521 307 3581 Orous
325 3523 369 3582 vei
389 3523 470 3581 Pluto
489 3525 661 3581 nominator.
709 3522 834 3602 Cumque
854 3523 889 3583 de
908 3523 1104 3602 superioribus
1124 3543 1199 3582 mer-

215 3619 334 3688 geretur
352 3612 380 3666 iu
398 3609 522 3680 inferna,
544 3609 636 3667 iocum
656 3609 818 3667 conflueudi
837 3608 951 3667 humido
980 3608 1114 3686 praebuit
1139 3610 1199 3668 ebe·

216 3703 323 3765 mento,
353 3703 383 3751 ot
408 3713 474 3772 pars
501 3695 638 3765 crassior,
660 3713 733 3772 qnae
753 3705 797 3752 est
814 3705 909 3765 terra,
930 3694 1009 3772 aquis
1028 3692 1198 3752 cedentibus

214 3780 358 3858 patefacta
378 3788 431 3836 est.
480 3777 560 3836 Hane
579 3798 650 3856 ergo
670 3779 996 3857 aquarum'iibertatem,
1027 3798 1100 3857 quae
1119 3780 1198 3857 prius

205 3864 290 3922 betta
309 3863 465 3938 obtegente
485 3861 678 3940 premebatur,
700 3864 1022 3942 postquamiitaioierni
1041 3863 1199 3922 sortitaest

159 3975 165 3984 ·
214 3948 319 4017 locum,
339 3945 502 4024 Neptunum
522 3965 587 4008 osse
606 3947 809 4028 appellatam.⁴
833 3947 902 4006 Post
919 3949 974 4008 hoe
995 3967 1058 4006 eum
1070 3949 1197 4007 elemen-
