<?xml version="1.0" encoding="UTF-8"?>
<!DOCTYPE html PUBLIC "-//W3C//DTD XHTML 1.0 Transitional//EN"
    "http://www.w3.org/TR/xhtml1/DTD/xhtml1-transitional.dtd">
<html xmlns="http://www.w3.org/1999/xhtml" xml:lang="en" lang="en">
 <head>
  <title>
</title>
<meta http-equiv="Content-Type" content="text/html;charset=utf-8" />
  <meta name='ocr-system' content='tesseract 3.04.00' />
  <meta name='ocr-capabilities' content='ocr_page ocr_carea ocr_par ocr_line ocrx_word'/>
</head>
<body>
  <div class='ocr_page' id='page_1' title='image "./recognitionesru00gersgoog_0221.png"; bbox 0 0 2634 4400; ppageno 0'>
   <div class='ocr_carea' id='block_1_1' title="bbox 0 20 2 1945">
    <p class='ocr_par' dir='ltr' id='par_1_1' title="bbox 0 20 2 1945">
     <span class='ocr_line' id='line_1_1' title="bbox 0 20 2 1945; baseline 0 0"><span class='ocrx_word' id='word_1_1' title='bbox 0 20 2 1945; x_wconf 95' lang='lat' dir='ltr'><strong> </strong></span> 
     </span>
    </p>
   </div>
   <div class='ocr_carea' id='block_1_2' title="bbox 575 271 643 341">
    <p class='ocr_par' dir='ltr' id='par_1_2' title="bbox 575 271 643 341">
     <span class='ocr_line' id='line_1_2' title="bbox 575 271 643 341; baseline 0.029 -2"><span class='ocrx_word' id='word_1_2' title='bbox 575 271 643 341; x_wconf 75' lang='lat' dir='ltr'><strong>imi</strong></span> 
     </span>
    </p>
   </div>
   <div class='ocr_carea' id='block_1_3' title="bbox 502 358 716 384">
    <p class='ocr_par' dir='ltr' id='par_1_3' title="bbox 502 358 716 384">
     <span class='ocr_line' id='line_1_3' title="bbox 637 358 712 367; baseline 0 -2"><span class='ocrx_word' id='word_1_3' title='bbox 637 358 645 367; x_wconf 72' lang='grc' dir='ltr'><strong>ρ</strong></span> <span class='ocrx_word' id='word_1_4' title='bbox 699 360 712 365; x_wconf 81' lang='lat'><strong>.-</strong></span> 
     </span>
     <span class='ocr_line' id='line_1_4' title="bbox 502 373 716 384; baseline 0.005 -2"><span class='ocrx_word' id='word_1_5' title='bbox 502 373 716 384; x_wconf 63' lang='lat' dir='ltr'><strong>——u--n—-u—</strong></span> 
     </span>
    </p>
   </div>
   <div class='ocr_carea' id='block_1_4' title="bbox 116 474 1185 649">
    <p class='ocr_par' dir='ltr' id='par_1_4' title="bbox 116 474 1185 649">
     <span class='ocr_line' id='line_1_5' title="bbox 116 474 1185 585; baseline -0.001 -42"><span class='ocrx_word' id='word_1_6' title='bbox 116 480 236 585; x_wconf 89' lang='lat' dir='ltr'><strong>pedibus</strong></span> <span class='ocrx_word' id='word_1_7' title='bbox 254 484 377 543; x_wconf 78' lang='lat' dir='ltr'><strong>luissent</strong></span> <span class='ocrx_word' id='word_1_8' title='bbox 393 490 495 561; x_wconf 82' lang='lat' dir='ltr'><strong>sponte</strong></span> <span class='ocrx_word' id='word_1_9' title='bbox 513 484 671 556; x_wconf 81' lang='lat' dir='ltr'><strong>resolutae,</strong></span> <span class='ocrx_word' id='word_1_10' title='bbox 700 474 804 543; x_wconf 75' lang='grc' dir='ltr'><strong>ΡιιιιιιΙ</strong></span> <span class='ocrx_word' id='word_1_11' title='bbox 829 492 925 544; x_wconf 76' lang='lat' dir='ltr'><strong>&#39;certus</strong></span> <span class='ocrx_word' id='word_1_12' title='bbox 952 486 1027 565; x_wconf 89' lang='lat' dir='ltr'><strong>quod</strong></span> <span class='ocrx_word' id='word_1_13' title='bbox 1048 492 1105 566; x_wconf 85' lang='lat' dir='ltr'><strong>pe&#39;r</strong></span> <span class='ocrx_word' id='word_1_14' title='bbox 1180 534 1185 542; x_wconf 90' lang='lat'>.</span> 
     </span>
     <span class='ocr_line' id='line_1_6' title="bbox 116 568 1100 649; baseline 0.006 -22"><span class='ocrx_word' id='word_1_15' title='bbox 116 572 207 649; x_wconf 87' lang='lat' dir='ltr'><strong>ipsum</strong></span> <span class='ocrx_word' id='word_1_16' title='bbox 235 571 340 627; x_wconf 77' lang='lat' dir='ltr'><strong>similas</strong></span> <span class='ocrx_word' id='word_1_17' title='bbox 367 569 438 627; x_wconf 85' lang='lat' dir='ltr'><strong>baec</strong></span> <span class='ocrx_word' id='word_1_18' title='bbox 466 568 579 628; x_wconf 76' lang='lat' dir='ltr'><strong>reddita</strong></span> <span class='ocrx_word' id='word_1_19' title='bbox 606 571 643 628; x_wconf 84' lang='lat' dir='ltr'><strong>sit</strong></span> <span class='ocrx_word' id='word_1_20' title='bbox 669 570 792 648; x_wconf 87' lang='lat' dir='ltr'><strong>puellae,</strong></span> <span class='ocrx_word' id='word_1_21' title='bbox 821 570 967 649; x_wconf 86' lang='lat' dir='ltr'><strong>adquievit</strong></span> <span class='ocrx_word' id='word_1_22' title='bbox 984 578 1100 633; x_wconf 78' lang='lat' dir='ltr'><strong>madere</strong></span> 
     </span>
    </p>
   </div>
   <div class='ocr_carea' id='block_1_5' title="bbox 118 652 1199 734">
    <p class='ocr_par' dir='ltr' id='par_1_5' title="bbox 118 652 1199 734">
     <span class='ocr_line' id='line_1_7' title="bbox 118 652 1199 734; baseline 0.004 -21"><span class='ocrx_word' id='word_1_23' title='bbox 118 654 193 734; x_wconf 84' lang='lat' dir='ltr'><strong>apud</strong></span> <span class='ocrx_word' id='word_1_24' title='bbox 212 674 274 713; x_wconf 86' lang='lat' dir='ltr'><strong>eos.</strong></span> <span class='ocrx_word' id='word_1_25' title='bbox 322 652 381 714; x_wconf 86' lang='lat' dir='ltr'><strong>Sed</strong></span> <span class='ocrx_word' id='word_1_26' title='bbox 401 664 431 712; x_wconf 87' lang='lat' dir='ltr'><strong>et</strong></span> <span class='ocrx_word' id='word_1_27' title='bbox 448 655 512 714; x_wconf 84' lang='lat' dir='ltr'><strong>ullos</strong></span> <span class='ocrx_word' id='word_1_28' title='bbox 532 674 578 733; x_wconf 84' lang='lat' dir='ltr'><strong>qur</strong></span> <span class='ocrx_word' id='word_1_29' title='bbox 595 662 795 717; x_wconf 84' lang='lat' dir='ltr'><strong>remanserant</strong></span> <span class='ocrx_word' id='word_1_30' title='bbox 821 656 851 713; x_wconf 90' lang='lat' dir='ltr'><strong>in</strong></span> <span class='ocrx_word' id='word_1_31' title='bbox 878 657 1016 734; x_wconf 82' lang='lat' dir='ltr'><strong>bospitio,</strong></span> <span class='ocrx_word' id='word_1_32' title='bbox 1045 678 1102 717; x_wconf 87' lang='lat' dir='ltr'><strong>una</strong></span> <span class='ocrx_word' id='word_1_33' title='bbox 1197 672 1199 677; x_wconf 83' lang='grc'>’</span> 
     </span>
    </p>
   </div>
   <div class='ocr_carea' id='block_1_6' title="bbox 117 741 1102 991">
    <p class='ocr_par' dir='ltr' id='par_1_6' title="bbox 117 741 1102 991">
     <span class='ocr_line' id='line_1_8' title="bbox 118 741 1102 821; baseline 0.003 -22"><span class='ocrx_word' id='word_1_34' title='bbox 118 757 181 799; x_wconf 85' lang='lat' dir='ltr'><strong>cum</strong></span> <span class='ocrx_word' id='word_1_35' title='bbox 199 760 289 799; x_wconf 87' lang='lat' dir='ltr'><strong>uxore</strong></span> <span class='ocrx_word' id='word_1_36' title='bbox 309 758 360 799; x_wconf 82' lang='lat' dir='ltr'><strong>sua</strong></span> <span class='ocrx_word' id='word_1_37' title='bbox 377 741 501 799; x_wconf 84' lang='lat' dir='ltr'><strong>transire</strong></span> <span class='ocrx_word' id='word_1_38' title='bbox 519 741 612 811; x_wconf 80' lang='lat' dir='ltr'><strong>iussit,</strong></span> <span class='ocrx_word' id='word_1_39' title='bbox 633 752 664 799; x_wconf 87' lang='lat' dir='ltr'><strong>et</strong></span> <span class='ocrx_word' id='word_1_40' title='bbox 680 742 870 819; x_wconf 88' lang='lat' dir='ltr'><strong>unusquisque</strong></span> <span class='ocrx_word' id='word_1_41' title='bbox 881 745 1102 821; x_wconf 88' lang='lat' dir='ltr'><strong>acceptisseor-</strong></span> 
     </span>
     <span class='ocr_line' id='line_1_9' title="bbox 118 825 1101 905; baseline 0.004 -21"><span class='ocrx_word' id='word_1_42' title='bbox 118 840 177 884; x_wconf 88' lang='lat' dir='ltr'><strong>sum</strong></span> <span class='ocrx_word' id='word_1_43' title='bbox 197 825 335 885; x_wconf 82' lang='lat' dir='ltr'><strong>cubiculis</strong></span> <span class='ocrx_word' id='word_1_44' title='bbox 353 826 516 897; x_wconf 82' lang='lat' dir='ltr'><strong>mansimus,</strong></span> <span class='ocrx_word' id='word_1_45' title='bbox 538 836 622 905; x_wconf 83' lang='lat' dir='ltr'><strong>atque</strong></span> <span class='ocrx_word' id='word_1_46' title='bbox 642 845 680 885; x_wconf 80' lang='lat' dir='ltr'><strong>en</strong></span> <span class='ocrx_word' id='word_1_47' title='bbox 697 846 778 885; x_wconf 89' lang='lat' dir='ltr'><strong>more</strong></span> <span class='ocrx_word' id='word_1_48' title='bbox 800 826 866 885; x_wconf 86' lang='lat' dir='ltr'><strong>cibo</strong></span> <span class='ocrx_word' id='word_1_49' title='bbox 893 838 984 886; x_wconf 87' lang='lat' dir='ltr'><strong>sumto</strong></span> <span class='ocrx_word' id='word_1_50' title='bbox 1002 828 1101 888; x_wconf 91' lang='lat' dir='ltr'><strong>reddi·</strong></span> 
     </span>
     <span class='ocr_line' id='line_1_10' title="bbox 117 910 957 991; baseline 0.004 -21"><span class='ocrx_word' id='word_1_51' title='bbox 117 914 211 991; x_wconf 77' lang='lat' dir='ltr'><strong>iisque</strong></span> <span class='ocrx_word' id='word_1_52' title='bbox 230 910 359 970; x_wconf 81' lang='lat' dir='ltr'><strong>laudibus</strong></span> <span class='ocrx_word' id='word_1_53' title='bbox 378 910 445 985; x_wconf 88' lang='lat' dir='ltr'><strong>deo,</strong></span> <span class='ocrx_word' id='word_1_54' title='bbox 466 914 524 970; x_wconf 89' lang='lat' dir='ltr'><strong>suis</strong></span> <span class='ocrx_word' id='word_1_55' title='bbox 542 913 646 991; x_wconf 84' lang='lat' dir='ltr'><strong>singull</strong></span> <span class='ocrx_word' id='word_1_56' title='bbox 664 913 856 991; x_wconf 77' lang='lat' dir='ltr'><strong>requievimus</strong></span> <span class='ocrx_word' id='word_1_57' title='bbox 874 912 957 973; x_wconf 87' lang='lat' dir='ltr'><strong>locis.</strong></span> 
     </span>
    </p>
   </div>
   <div class='ocr_carea' id='block_1_7' title="bbox 235 1622 948 1807">
    <p class='ocr_par' dir='ltr' id='par_1_7' title="bbox 235 1622 948 1807">
     <span class='ocr_line' id='line_1_11' title="bbox 235 1622 948 1807; baseline 0 -42"><span class='ocrx_word' id='word_1_58' title='bbox 235 1800 237 1807; x_wconf 9' lang='lat' dir='ltr'>y</span> <span class='ocrx_word' id='word_1_59' title='bbox 323 1622 535 1769; x_wconf 53' lang='lat' dir='ltr'><strong>*biber</strong></span> <span class='ocrx_word' id='word_1_60' title='bbox 574 1684 887 1765; x_wconf 79' lang='lat' dir='ltr'><strong>decimus.</strong></span> <span class='ocrx_word' id='word_1_61' title='bbox 943 1710 948 1718; x_wconf 96' lang='lat'><em>·</em></span> 
     </span>
    </p>
   </div>
   <div class='ocr_carea' id='block_1_8' title="bbox 115 1852 1169 3900">
    <p class='ocr_par' dir='ltr' id='par_1_8' title="bbox 116 1852 1169 3642">
     <span class='ocr_line' id='line_1_12' title="bbox 160 1852 1101 1933; baseline 0.001 -20"><span class='ocrx_word' id='word_1_62' title='bbox 160 1852 191 1913; x_wconf 85' lang='lat' dir='ltr'><strong>d.</strong></span> <span class='ocrx_word' id='word_1_63' title='bbox 235 1852 320 1914; x_wconf 78' lang='lat' dir='ltr'><strong>Mane</strong></span> <span class='ocrx_word' id='word_1_64' title='bbox 339 1862 432 1913; x_wconf 89' lang='lat' dir='ltr'><strong>autem</strong></span> <span class='ocrx_word' id='word_1_65' title='bbox 453 1866 555 1913; x_wconf 83' lang='lat' dir='ltr'><strong>exorto</strong></span> <span class='ocrx_word' id='word_1_66' title='bbox 574 1854 645 1925; x_wconf 83' lang='lat' dir='ltr'><strong>soie,</strong></span> <span class='ocrx_word' id='word_1_67' title='bbox 668 1874 724 1933; x_wconf 90' lang='lat' dir='ltr'><strong>cgo</strong></span> <span class='ocrx_word' id='word_1_68' title='bbox 744 1855 876 1914; x_wconf 75' lang='lat' dir='ltr'><strong>Clemens</strong></span> <span class='ocrx_word' id='word_1_69' title='bbox 895 1853 1040 1914; x_wconf 75' lang='lat' dir='ltr'><strong>etlliceta</strong></span> <span class='ocrx_word' id='word_1_70' title='bbox 1058 1866 1101 1914; x_wconf 80' lang='lat' dir='ltr'><strong>ol-</strong></span> 
     </span>
     <span class='ocr_line' id='line_1_13' title="bbox 118 1937 1103 2022; baseline 0.001 -23"><span class='ocrx_word' id='word_1_71' title='bbox 118 1954 173 2019; x_wconf 84' lang='lat' dir='ltr'><strong>que</strong></span> <span class='ocrx_word' id='word_1_72' title='bbox 191 1937 294 2018; x_wconf 82' lang='lat' dir='ltr'><strong>Aquila</strong></span> <span class='ocrx_word' id='word_1_73' title='bbox 312 1958 368 1999; x_wconf 81' lang='lat' dir='ltr'><strong>uua</strong></span> <span class='ocrx_word' id='word_1_74' title='bbox 387 1960 449 1999; x_wconf 90' lang='lat' dir='ltr'><strong>cum</strong></span> <span class='ocrx_word' id='word_1_75' title='bbox 469 1940 555 1999; x_wconf 86' lang='lat' dir='ltr'><strong>Petro</strong></span> <span class='ocrx_word' id='word_1_76' title='bbox 573 1942 702 2000; x_wconf 86' lang='lat' dir='ltr'><strong>venimus</strong></span> <span class='ocrx_word' id='word_1_77' title='bbox 720 1940 757 2000; x_wconf 86' lang='lat' dir='ltr'><strong>ad</strong></span> <span class='ocrx_word' id='word_1_78' title='bbox 775 1942 868 2000; x_wconf 91' lang='lat' dir='ltr'><strong>locum</strong></span> <span class='ocrx_word' id='word_1_79' title='bbox 887 1942 915 1999; x_wconf 90' lang='lat' dir='ltr'><strong>iu</strong></span> <span class='ocrx_word' id='word_1_80' title='bbox 934 1961 989 2020; x_wconf 82' lang='lat' dir='ltr'><strong>quo</strong></span> <span class='ocrx_word' id='word_1_81' title='bbox 1018 1953 1103 2022; x_wconf 83' lang='lat' dir='ltr'><strong>pater</strong></span> 
     </span>
     <span class='ocr_line' id='line_1_14' title="bbox 117 2025 1102 2105; baseline 0.002 -22"><span class='ocrx_word' id='word_1_82' title='bbox 117 2025 198 2084; x_wconf 90' lang='lat' dir='ltr'><strong>simul</strong></span> <span class='ocrx_word' id='word_1_83' title='bbox 219 2044 281 2083; x_wconf 88' lang='lat' dir='ltr'><strong>cum</strong></span> <span class='ocrx_word' id='word_1_84' title='bbox 300 2037 391 2085; x_wconf 84' lang='lat' dir='ltr'><strong>matre</strong></span> <span class='ocrx_word' id='word_1_85' title='bbox 408 2025 625 2105; x_wconf 85' lang='lat' dir='ltr'><strong>requiescebal3</strong></span> <span class='ocrx_word' id='word_1_86' title='bbox 647 2036 678 2087; x_wconf 84' lang='lat' dir='ltr'><strong>et</strong></span> <span class='ocrx_word' id='word_1_87' title='bbox 695 2046 758 2086; x_wconf 92' lang='lat' dir='ltr'><strong>cum</strong></span> <span class='ocrx_word' id='word_1_88' title='bbox 776 2026 868 2086; x_wconf 90' lang='lat' dir='ltr'><strong>adbuc</strong></span> <span class='ocrx_word' id='word_1_89' title='bbox 887 2048 938 2087; x_wconf 88' lang='lat' dir='ltr'><strong>eos</strong></span> <span class='ocrx_word' id='word_1_90' title='bbox 958 2026 1102 2086; x_wconf 82' lang='lat' dir='ltr'><strong>dormien-</strong></span> 
     </span>
     <span class='ocr_line' id='line_1_15' title="bbox 117 2112 1101 2190; baseline 0.001 -20"><span class='ocrx_word' id='word_1_91' title='bbox 117 2122 162 2170; x_wconf 85' lang='lat' dir='ltr'><strong>tes</strong></span> <span class='ocrx_word' id='word_1_92' title='bbox 180 2112 399 2189; x_wconf 85' lang='lat' dir='ltr'><strong>reperissemns,</strong></span> <span class='ocrx_word' id='word_1_93' title='bbox 429 2113 609 2190; x_wconf 75' lang='lat' dir='ltr'><strong>proforibus</strong></span> <span class='ocrx_word' id='word_1_94' title='bbox 629 2112 821 2185; x_wconf 81' lang='lat' dir='ltr'><strong>consedimus,</strong></span> <span class='ocrx_word' id='word_1_95' title='bbox 843 2113 903 2171; x_wconf 68' lang='lat' dir='ltr'><strong>ubi¹</strong></span> <span class='ocrx_word' id='word_1_96' title='bbox 917 2112 1018 2171; x_wconf 77' lang='lat' dir='ltr'><strong>Petrus</strong></span> <span class='ocrx_word' id='word_1_97' title='bbox 1037 2114 1101 2171; x_wconf 88' lang='lat' dir='ltr'><strong>tali·</strong></span> 
     </span>
     <span class='ocr_line' id='line_1_16' title="bbox 117 2196 1102 2276; baseline 0.001 -21"><span class='ocrx_word' id='word_1_98' title='bbox 117 2196 170 2256; x_wconf 87' lang='lat' dir='ltr'><strong>bus</strong></span> <span class='ocrx_word' id='word_1_99' title='bbox 188 2196 263 2276; x_wconf 82' lang='lat' dir='ltr'><strong>opud</strong></span> <span class='ocrx_word' id='word_1_100' title='bbox 281 2217 333 2256; x_wconf 77' lang='lat' dir='ltr'><strong>naus</strong></span> <span class='ocrx_word' id='word_1_101' title='bbox 352 2198 530 2256; x_wconf 75' lang='lat' dir='ltr'><strong>sermonibus</strong></span> <span class='ocrx_word' id='word_1_102' title='bbox 548 2199 652 2257; x_wconf 82' lang='lat' dir='ltr'><strong>utitur:</strong></span> <span class='ocrx_word' id='word_1_103' title='bbox 672 2196 778 2258; x_wconf 82' lang='lat' dir='ltr'><strong>Audite</strong></span> <span class='ocrx_word' id='word_1_104' title='bbox 789 2216 834 2256; x_wconf 88' lang='lat' dir='ltr'><strong>mc</strong></span> <span class='ocrx_word' id='word_1_105' title='bbox 845 2196 1021 2257; x_wconf 88' lang='lat' dir='ltr'><strong>dilectissimi</strong></span> <span class='ocrx_word' id='word_1_106' title='bbox 1033 2217 1102 2256; x_wconf 89' lang='lat' dir='ltr'><strong>con-</strong></span> 
     </span>
     <span class='ocr_line' id='line_1_17' title="bbox 118 2282 1101 2361; baseline 0.002 -21"><span class='ocrx_word' id='word_1_107' title='bbox 118 2283 205 2354; x_wconf 83' lang='lat' dir='ltr'><strong>servi,</strong></span> <span class='ocrx_word' id='word_1_108' title='bbox 227 2285 288 2342; x_wconf 89' lang='lat' dir='ltr'><strong>scio</strong></span> <span class='ocrx_word' id='word_1_109' title='bbox 308 2285 374 2361; x_wconf 81' lang='lat' dir='ltr'><strong>quia</strong></span> <span class='ocrx_word' id='word_1_110' title='bbox 392 2282 529 2361; x_wconf 80' lang='lat' dir='ltr'><strong>grandem</strong></span> <span class='ocrx_word' id='word_1_111' title='bbox 548 2282 660 2341; x_wconf 80' lang='lat' dir='ltr'><strong>habetis</strong></span> <span class='ocrx_word' id='word_1_112' title='bbox 679 2283 813 2341; x_wconf 80' lang='lat' dir='ltr'><strong>affectum</strong></span> <span class='ocrx_word' id='word_1_113' title='bbox 833 2301 904 2359; x_wconf 84' lang='lat' dir='ltr'><strong>ergo</strong></span> <span class='ocrx_word' id='word_1_114' title='bbox 923 2286 1033 2361; x_wconf 83' lang='lat' dir='ltr'><strong>p&#39;alrem</strong></span> <span class='ocrx_word' id='word_1_115' title='bbox 1051 2303 1101 2359; x_wconf 69' lang='lat' dir='ltr'><strong>ue-</strong></span> 
     </span>
     <span class='ocr_line' id='line_1_18' title="bbox 118 2369 1101 2446; baseline 0.002 -20"><span class='ocrx_word' id='word_1_116' title='bbox 118 2377 218 2440; x_wconf 79' lang='lat' dir='ltr'><strong>strum,</strong></span> <span class='ocrx_word' id='word_1_117' title='bbox 238 2387 344 2428; x_wconf 86' lang='lat' dir='ltr'><strong>vereor</strong></span> <span class='ocrx_word' id='word_1_118' title='bbox 362 2387 434 2446; x_wconf 84' lang='lat' dir='ltr'><strong>ergo</strong></span> <span class='ocrx_word' id='word_1_119' title='bbox 453 2386 490 2426; x_wconf 90' lang='lat' dir='ltr'><strong>ne</strong></span> <span class='ocrx_word' id='word_1_120' title='bbox 509 2375 574 2426; x_wconf 86' lang='lat' dir='ltr'><strong>ante</strong></span> <span class='ocrx_word' id='word_1_121' title='bbox 593 2379 704 2446; x_wconf 86' lang='lat' dir='ltr'><strong>tempus</strong></span> <span class='ocrx_word' id='word_1_122' title='bbox 723 2386 786 2426; x_wconf 89' lang='lat' dir='ltr'><strong>eum</strong></span> <span class='ocrx_word' id='word_1_123' title='bbox 805 2369 987 2445; x_wconf 70' lang='lat' dir='ltr'><strong>perurgentis</strong></span> <span class='ocrx_word' id='word_1_124' title='bbox 1005 2369 1101 2446; x_wconf 82' lang='lat' dir='ltr'><strong>iugum</strong></span> 
     </span>
     <span class='ocr_line' id='line_1_19' title="bbox 116 2451 1169 2532; baseline 0.001 -20"><span class='ocrx_word' id='word_1_125' title='bbox 116 2453 266 2531; x_wconf 78' lang='lat' dir='ltr'><strong>religionis</strong></span> <span class='ocrx_word' id='word_1_126' title='bbox 285 2454 443 2530; x_wconf 82' lang='lat' dir='ltr'><strong>suscipere,</strong></span> <span class='ocrx_word' id='word_1_127' title='bbox 464 2451 587 2512; x_wconf 90' lang='lat' dir='ltr'><strong>nondum</strong></span> <span class='ocrx_word' id='word_1_128' title='bbox 606 2452 642 2510; x_wconf 84' lang='lat' dir='ltr'><strong>ad</strong></span> <span class='ocrx_word' id='word_1_129' title='bbox 660 2451 690 2510; x_wconf 90' lang='lat' dir='ltr'><strong>id</strong></span> <span class='ocrx_word' id='word_1_130' title='bbox 708 2463 846 2532; x_wconf 83' lang='lat' dir='ltr'><strong>paratum,</strong></span> <span class='ocrx_word' id='word_1_131' title='bbox 876 2452 913 2511; x_wconf 93' lang='lat' dir='ltr'><strong>ad</strong></span> <span class='ocrx_word' id='word_1_132' title='bbox 931 2453 1007 2532; x_wconf 91' lang='lat' dir='ltr'><strong>quod</strong></span> <span class='ocrx_word' id='word_1_133' title='bbox 1024 2454 1101 2513; x_wconf 76' lang='lat' dir='ltr'><strong>forte</strong></span> <span class='ocrx_word' id='word_1_134' title='bbox 1166 2459 1169 2462; x_wconf 74' lang='grc'>’</span> 
     </span>
     <span class='ocr_line' id='line_1_20' title="bbox 116 2536 1102 2617; baseline 0.002 -22"><span class='ocrx_word' id='word_1_135' title='bbox 116 2557 171 2617; x_wconf 91' lang='lat' dir='ltr'><strong>pro</strong></span> <span class='ocrx_word' id='word_1_136' title='bbox 189 2540 278 2597; x_wconf 83' lang='lat' dir='ltr'><strong>vestri</strong></span> <span class='ocrx_word' id='word_1_137' title='bbox 297 2538 390 2614; x_wconf 80' lang='lat' dir='ltr'><strong>gratia</strong></span> <span class='ocrx_word' id='word_1_138' title='bbox 409 2537 540 2596; x_wconf 82' lang='lat' dir='ltr'><strong>videatur</strong></span> <span class='ocrx_word' id='word_1_139' title='bbox 558 2536 759 2616; x_wconf 77' lang='lat' dir='ltr'><strong>adquiescere.</strong></span> <span class='ocrx_word' id='word_1_140' title='bbox 807 2536 867 2597; x_wconf 93' lang='lat' dir='ltr'><strong>Sed</strong></span> <span class='ocrx_word' id='word_1_141' title='bbox 893 2537 949 2596; x_wconf 87' lang='lat' dir='ltr'><strong>boc</strong></span> <span class='ocrx_word' id='word_1_142' title='bbox 977 2559 1034 2598; x_wconf 93' lang='lat' dir='ltr'><strong>nou</strong></span> <span class='ocrx_word' id='word_1_143' title='bbox 1057 2550 1102 2598; x_wconf 88' lang='lat' dir='ltr'><strong>est</strong></span> 
     </span>
     <span class='ocr_line' id='line_1_21' title="bbox 116 2621 1102 2703; baseline 0.002 -21"><span class='ocrx_word' id='word_1_144' title='bbox 116 2623 242 2694; x_wconf 80' lang='lat' dir='ltr'><strong>firmum3</strong></span> <span class='ocrx_word' id='word_1_145' title='bbox 264 2621 433 2700; x_wconf 84' lang='lat' dir='ltr'><strong>quodecim</strong></span> <span class='ocrx_word' id='word_1_146' title='bbox 452 2633 572 2702; x_wconf 77' lang='lat' dir='ltr'><strong>propter</strong></span> <span class='ocrx_word' id='word_1_147' title='bbox 589 2623 718 2682; x_wconf 87' lang='lat' dir='ltr'><strong>homines</strong></span> <span class='ocrx_word' id='word_1_148' title='bbox 737 2624 784 2695; x_wconf 87' lang='lat' dir='ltr'><strong>iil,</strong></span> <span class='ocrx_word' id='word_1_149' title='bbox 813 2623 963 2703; x_wconf 80' lang='lat' dir='ltr'><strong>probabile</strong></span> <span class='ocrx_word' id='word_1_150' title='bbox 980 2645 1038 2683; x_wconf 87' lang='lat' dir='ltr'><strong>oon</strong></span> <span class='ocrx_word' id='word_1_151' title='bbox 1057 2636 1102 2684; x_wconf 85' lang='lat' dir='ltr'><strong>est</strong></span> 
     </span>
     <span class='ocr_line' id='line_1_22' title="bbox 116 2705 1143 2788; baseline 0.002 -21"><span class='ocrx_word' id='word_1_152' title='bbox 116 2718 148 2767; x_wconf 89' lang='lat' dir='ltr'><strong>et</strong></span> <span class='ocrx_word' id='word_1_153' title='bbox 167 2709 224 2765; x_wconf 83' lang='lat' dir='ltr'><strong>cito</strong></span> <span class='ocrx_word' id='word_1_154' title='bbox 244 2705 389 2767; x_wconf 85' lang='lat' dir='ltr'><strong>dilabitur.</strong></span> <span class='ocrx_word' id='word_1_155' title='bbox 436 2708 563 2787; x_wconf 86' lang='lat' dir='ltr'><strong>ideoque</strong></span> <span class='ocrx_word' id='word_1_156' title='bbox 589 2707 705 2767; x_wconf 76' lang='lat' dir='ltr'><strong>uidetur</strong></span> <span class='ocrx_word' id='word_1_157' title='bbox 729 2710 810 2784; x_wconf 87' lang='lat' dir='ltr'><strong>mibi,</strong></span> <span class='ocrx_word' id='word_1_158' title='bbox 837 2719 869 2768; x_wconf 84' lang='lat' dir='ltr'><strong>ut</strong></span> <span class='ocrx_word' id='word_1_159' title='bbox 888 2708 1054 2769; x_wconf 80' lang='lat' dir='ltr'><strong>concedatis</strong></span> <span class='ocrx_word' id='word_1_160' title='bbox 1074 2712 1102 2769; x_wconf 90' lang='lat' dir='ltr'><strong>ei</strong></span> <span class='ocrx_word' id='word_1_161' title='bbox 1140 2779 1143 2788; x_wconf 33' lang='grc' dir='ltr'>Ι</span> 
     </span>
     <span class='ocr_line' id='line_1_23' title="bbox 117 2794 1101 2875; baseline 0.002 -23"><span class='ocrx_word' id='word_1_162' title='bbox 117 2799 193 2852; x_wconf 78' lang='lat' dir='ltr'><strong>duno</strong></span> <span class='ocrx_word' id='word_1_163' title='bbox 212 2801 268 2851; x_wconf 87' lang='lat' dir='ltr'><strong>uno</strong></span> <span class='ocrx_word' id='word_1_164' title='bbox 285 2794 385 2852; x_wconf 85' lang='lat' dir='ltr'><strong>uivere</strong></span> <span class='ocrx_word' id='word_1_165' title='bbox 402 2813 456 2874; x_wconf 91' lang='lat' dir='ltr'><strong>pro</strong></span> <span class='ocrx_word' id='word_1_166' title='bbox 474 2794 606 2866; x_wconf 84' lang='lat' dir='ltr'><strong>arbitrio,</strong></span> <span class='ocrx_word' id='word_1_167' title='bbox 627 2794 656 2852; x_wconf 91' lang='lat' dir='ltr'><strong>in</strong></span> <span class='ocrx_word' id='word_1_168' title='bbox 676 2812 731 2873; x_wconf 89' lang='lat' dir='ltr'><strong>quo</strong></span> <span class='ocrx_word' id='word_1_169' title='bbox 751 2799 847 2875; x_wconf 83' lang='lat' dir='ltr'><strong>potest</strong></span> <span class='ocrx_word' id='word_1_170' title='bbox 865 2797 923 2855; x_wconf 84' lang='lat' dir='ltr'><strong>iter</strong></span> <span class='ocrx_word' id='word_1_171' title='bbox 940 2816 1031 2874; x_wconf 86' lang='lat' dir='ltr'><strong>agens</strong></span> <span class='ocrx_word' id='word_1_172' title='bbox 1049 2814 1101 2855; x_wconf 87' lang='lat' dir='ltr'><strong>no-</strong></span> 
     </span>
     <span class='ocr_line' id='line_1_24' title="bbox 116 2877 1102 2961; baseline 0.003 -24"><span class='ocrx_word' id='word_1_173' title='bbox 116 2879 224 2938; x_wconf 89' lang='lat' dir='ltr'><strong>biscum</strong></span> <span class='ocrx_word' id='word_1_174' title='bbox 245 2877 309 2938; x_wconf 87' lang='lat' dir='ltr'><strong>dom</strong></span> <span class='ocrx_word' id='word_1_175' title='bbox 328 2899 380 2938; x_wconf 87' lang='lat' dir='ltr'><strong>nos</strong></span> <span class='ocrx_word' id='word_1_176' title='bbox 399 2881 470 2939; x_wconf 87' lang='lat' dir='ltr'><strong>alios</strong></span> <span class='ocrx_word' id='word_1_177' title='bbox 489 2879 636 2949; x_wconf 65' lang='lat' dir='ltr'><strong>docemus</strong></span> <span class='ocrx_word' id='word_1_178' title='bbox 658 2882 744 2941; x_wconf 85' lang='lat' dir='ltr'><strong>etiam</strong></span> <span class='ocrx_word' id='word_1_179' title='bbox 763 2881 825 2959; x_wconf 90' lang='lat' dir='ltr'><strong>ipsc</strong></span> <span class='ocrx_word' id='word_1_180' title='bbox 842 2882 1011 2961; x_wconf 83' lang='lat' dir='ltr'><strong>simpliciter</strong></span> <span class='ocrx_word' id='word_1_181' title='bbox 1021 2881 1102 2941; x_wconf 89' lang='lat' dir='ltr'><strong>audi-</strong></span> 
     </span>
     <span class='ocr_line' id='line_1_25' title="bbox 116 2963 1102 3046; baseline 0.003 -23"><span class='ocrx_word' id='word_1_182' title='bbox 116 2981 166 3038; x_wconf 79' lang='lat' dir='ltr'><strong>re3</strong></span> <span class='ocrx_word' id='word_1_183' title='bbox 188 2972 217 3024; x_wconf 86' lang='lat' dir='ltr'><strong>el</strong></span> <span class='ocrx_word' id='word_1_184' title='bbox 235 2963 365 3036; x_wconf 83' lang='lat' dir='ltr'><strong>audiens,</strong></span> <span class='ocrx_word' id='word_1_185' title='bbox 387 2965 525 3045; x_wconf 90' lang='lat' dir='ltr'><strong>siquidem</strong></span> <span class='ocrx_word' id='word_1_186' title='bbox 545 2965 748 3044; x_wconf 77' lang='lat' dir='ltr'><strong>agnoscendae</strong></span> <span class='ocrx_word' id='word_1_187' title='bbox 766 2968 896 3025; x_wconf 84' lang='lat' dir='ltr'><strong>veritatis</strong></span> <span class='ocrx_word' id='word_1_188' title='bbox 914 2979 1023 3026; x_wconf 88' lang='lat' dir='ltr'><strong>rectum</strong></span> <span class='ocrx_word' id='word_1_189' title='bbox 1034 2988 1102 3046; x_wconf 92' lang='lat' dir='ltr'><strong>pro-</strong></span> 
     </span>
     <span class='ocr_line' id='line_1_26' title="bbox 117 3051 1099 3130; baseline 0.002 -22"><span class='ocrx_word' id='word_1_190' title='bbox 117 3051 238 3128; x_wconf 79' lang='lat' dir='ltr'><strong>positum</strong></span> <span class='ocrx_word' id='word_1_191' title='bbox 250 3051 357 3128; x_wconf 75' lang='lat' dir='ltr'><strong>gerit,</strong></span> <span class='ocrx_word' id='word_1_192' title='bbox 386 3052 449 3130; x_wconf 88' lang='lat' dir='ltr'><strong>ipse</strong></span> <span class='ocrx_word' id='word_1_193' title='bbox 477 3051 592 3128; x_wconf 81' lang='lat' dir='ltr'><strong>rogabit</strong></span> <span class='ocrx_word' id='word_1_194' title='bbox 618 3060 649 3109; x_wconf 87' lang='lat' dir='ltr'><strong>ut</strong></span> <span class='ocrx_word' id='word_1_195' title='bbox 667 3052 806 3130; x_wconf 78' lang='lat' dir='ltr'><strong>suscipiat</strong></span> <span class='ocrx_word' id='word_1_196' title='bbox 820 3052 973 3128; x_wconf 81' lang='lat' dir='ltr'><strong>religionis</strong></span> <span class='ocrx_word' id='word_1_197' title='bbox 991 3052 1099 3130; x_wconf 89' lang='lat' dir='ltr'><strong>iugum,</strong></span> 
     </span>
     <span class='ocr_line' id='line_1_27' title="bbox 117 3135 1101 3215; baseline 0.002 -21"><span class='ocrx_word' id='word_1_198' title='bbox 117 3145 166 3194; x_wconf 86' lang='lat' dir='ltr'><strong>aut</strong></span> <span class='ocrx_word' id='word_1_199' title='bbox 183 3136 207 3194; x_wconf 92' lang='lat' dir='ltr'><strong>si</strong></span> <span class='ocrx_word' id='word_1_200' title='bbox 226 3155 282 3193; x_wconf 89' lang='lat' dir='ltr'><strong>non</strong></span> <span class='ocrx_word' id='word_1_201' title='bbox 300 3135 397 3213; x_wconf 87' lang='lat' dir='ltr'><strong>placet</strong></span> <span class='ocrx_word' id='word_1_202' title='bbox 415 3137 443 3194; x_wconf 89' lang='lat' dir='ltr'><strong>ei</strong></span> <span class='ocrx_word' id='word_1_203' title='bbox 462 3137 605 3215; x_wconf 88' lang='lat' dir='ltr'><strong>recipere,</strong></span> <span class='ocrx_word' id='word_1_204' title='bbox 626 3146 795 3214; x_wconf 81' lang='lat' dir='ltr'><strong>permaneat</strong></span> <span class='ocrx_word' id='word_1_205' title='bbox 813 3137 931 3194; x_wconf 87' lang='lat' dir='ltr'><strong>amicus.</strong></span> <span class='ocrx_word' id='word_1_206' title='bbox 980 3135 1101 3199; x_wconf 81' lang='lat' dir='ltr'><strong>flienim</strong></span> 
     </span>
     <span class='ocr_line' id='line_1_28' title="bbox 118 3219 1119 3300; baseline 0 -22"><span class='ocrx_word' id='word_1_207' title='bbox 118 3221 164 3298; x_wconf 88' lang='lat' dir='ltr'><strong>qui</strong></span> <span class='ocrx_word' id='word_1_208' title='bbox 184 3233 240 3279; x_wconf 85' lang='lat' dir='ltr'><strong>non</strong></span> <span class='ocrx_word' id='word_1_209' title='bbox 259 3219 288 3278; x_wconf 89' lang='lat' dir='ltr'><strong>id</strong></span> <span class='ocrx_word' id='word_1_210' title='bbox 307 3238 343 3279; x_wconf 82' lang='lat' dir='ltr'><strong>ex</strong></span> <span class='ocrx_word' id='word_1_211' title='bbox 363 3221 452 3280; x_wconf 86' lang='lat' dir='ltr'><strong>corde</strong></span> <span class='ocrx_word' id='word_1_212' title='bbox 471 3223 638 3300; x_wconf 82' lang='lat' dir='ltr'><strong>suscipiunt,</strong></span> <span class='ocrx_word' id='word_1_213' title='bbox 669 3240 730 3280; x_wconf 89' lang='lat' dir='ltr'><strong>cum</strong></span> <span class='ocrx_word' id='word_1_214' title='bbox 760 3222 910 3300; x_wconf 82' lang='lat' dir='ltr'><strong>coeperint</strong></span> <span class='ocrx_word' id='word_1_215' title='bbox 936 3222 1017 3280; x_wconf 84' lang='lat' dir='ltr'><strong>ierre</strong></span> <span class='ocrx_word' id='word_1_216' title='bbox 1044 3241 1119 3280; x_wconf 80' lang='grc' dir='ltr'><strong>ιιιιι,</strong></span> 
     </span>
     <span class='ocr_line' id='line_1_29' title="bbox 116 3305 1100 3386; baseline 0.002 -22"><span class='ocrx_word' id='word_1_217' title='bbox 116 3319 214 3384; x_wconf 83' lang='lat' dir='ltr'><strong>posse,</strong></span> <span class='ocrx_word' id='word_1_218' title='bbox 235 3323 291 3364; x_wconf 88' lang='lat' dir='ltr'><strong>non</strong></span> <span class='ocrx_word' id='word_1_219' title='bbox 311 3306 400 3364; x_wconf 91' lang='lat' dir='ltr'><strong>solum</strong></span> <span class='ocrx_word' id='word_1_220' title='bbox 419 3307 558 3366; x_wconf 82' lang='lat' dir='ltr'><strong>abiiciunt</strong></span> <span class='ocrx_word' id='word_1_221' title='bbox 576 3306 650 3386; x_wconf 86' lang='lat' dir='ltr'><strong>quod</strong></span> <span class='ocrx_word' id='word_1_222' title='bbox 670 3311 871 3386; x_wconf 68' lang='lat' dir='ltr'><strong>susceperant,⁴</strong></span> <span class='ocrx_word' id='word_1_223' title='bbox 890 3305 941 3365; x_wconf 87' lang='lat' dir='ltr'><strong>sed</strong></span> <span class='ocrx_word' id='word_1_224' title='bbox 957 3309 1037 3386; x_wconf 85' lang='lat' dir='ltr'><strong>qussi</strong></span> <span class='ocrx_word' id='word_1_225' title='bbox 1047 3325 1100 3386; x_wconf 91' lang='lat' dir='ltr'><strong>pro</strong></span> 
     </span>
     <span class='ocr_line' id='line_1_30' title="bbox 118 3386 1103 3472; baseline 0.005 -25"><span class='ocrx_word' id='word_1_226' title='bbox 118 3393 304 3450; x_wconf 73' lang='lat' dir='ltr'><strong>excusatione</strong></span> <span class='ocrx_word' id='word_1_227' title='bbox 322 3391 493 3451; x_wconf 86' lang='lat' dir='ltr'><strong>infirmitatis</strong></span> <span class='ocrx_word' id='word_1_228' title='bbox 511 3411 590 3464; x_wconf 83' lang='lat' dir='ltr'><strong>suae,</strong></span> <span class='ocrx_word' id='word_1_229' title='bbox 608 3393 747 3472; x_wconf 86' lang='lat' dir='ltr'><strong>incipiunt</strong></span> <span class='ocrx_word' id='word_1_230' title='bbox 762 3394 837 3461; x_wconf 71' lang='lat' dir='ltr'><strong>riam</strong></span> <span class='ocrx_word' id='word_1_231' title='bbox 855 3392 1005 3470; x_wconf 87' lang='lat' dir='ltr'><strong>religionis</strong></span> <span class='ocrx_word' id='word_1_232' title='bbox 1023 3386 1103 3452; x_wconf 89' lang='lat' dir='ltr'><strong>blas·</strong></span> 
     </span>
     <span class='ocr_line' id='line_1_31' title="bbox 116 3477 1152 3576; baseline 0.004 -42"><span class='ocrx_word' id='word_1_233' title='bbox 116 3477 268 3576; x_wconf 74' lang='lat' dir='ltr'><strong>pienum,</strong></span> <span class='ocrx_word' id='word_1_234' title='bbox 299 3487 329 3536; x_wconf 85' lang='lat' dir='ltr'><strong>el</strong></span> <span class='ocrx_word' id='word_1_235' title='bbox 346 3478 419 3536; x_wconf 83' lang='lat' dir='ltr'><strong>male</strong></span> <span class='ocrx_word' id='word_1_236' title='bbox 438 3479 515 3557; x_wconf 89' lang='lat' dir='ltr'><strong>loqui</strong></span> <span class='ocrx_word' id='word_1_237' title='bbox 534 3477 570 3538; x_wconf 92' lang='lat' dir='ltr'><strong>de</strong></span> <span class='ocrx_word' id='word_1_238' title='bbox 588 3478 633 3536; x_wconf 91' lang='lat' dir='ltr'><strong>his</strong></span> <span class='ocrx_word' id='word_1_239' title='bbox 652 3497 723 3557; x_wconf 90' lang='lat' dir='ltr'><strong>quos</strong></span> <span class='ocrx_word' id='word_1_240' title='bbox 741 3497 918 3558; x_wconf 86' lang='lat' dir='ltr'><strong>nequaquam</strong></span> <span class='ocrx_word' id='word_1_241' title='bbox 945 3479 1026 3558; x_wconf 88' lang='lat' dir='ltr'><strong>sequi</strong></span> <span class='ocrx_word' id='word_1_242' title='bbox 1053 3489 1102 3538; x_wconf 86' lang='lat' dir='ltr'><strong>aut</strong></span> <span class='ocrx_word' id='word_1_243' title='bbox 1150 3529 1152 3532; x_wconf 94' lang='lat'>.</span> 
     </span>
     <span class='ocr_line' id='line_1_32' title="bbox 116 3562 403 3642; baseline 0.011 -23"><span class='ocrx_word' id='word_1_244' title='bbox 116 3562 220 3620; x_wconf 82' lang='lat' dir='ltr'><strong>imitari</strong></span> <span class='ocrx_word' id='word_1_245' title='bbox 239 3567 403 3642; x_wconf 82' lang='lat' dir='ltr'><strong>potueruut.</strong></span> 
     </span>
    </p>

    <p class='ocr_par' dir='ltr' id='par_1_9' title="bbox 115 3646 1101 3900">
     <span class='ocr_line' id='line_1_33' title="bbox 159 3646 1101 3728; baseline 0.005 -22"><span class='ocrx_word' id='word_1_246' title='bbox 159 3646 195 3706; x_wconf 78' lang='lat'><strong>2.</strong></span> <span class='ocrx_word' id='word_1_247' title='bbox 240 3647 287 3708; x_wconf 76' lang='lat' dir='ltr'><strong>Ad</strong></span> <span class='ocrx_word' id='word_1_248' title='bbox 304 3649 376 3708; x_wconf 88' lang='lat' dir='ltr'><strong>baec</strong></span> <span class='ocrx_word' id='word_1_249' title='bbox 395 3647 501 3709; x_wconf 85' lang='lat' dir='ltr'><strong>Niccla</strong></span> <span class='ocrx_word' id='word_1_250' title='bbox 518 3648 683 3728; x_wconf 87' lang='lat' dir='ltr'><strong>respondit.</strong></span> <span class='ocrx_word' id='word_1_251' title='bbox 703 3649 770 3716; x_wconf 84' lang='lat' dir='ltr'><strong>Non</strong></span> <span class='ocrx_word' id='word_1_252' title='bbox 774 3649 966 3728; x_wconf 76' lang='lat' dir='ltr'><strong>contradico,</strong></span> <span class='ocrx_word' id='word_1_253' title='bbox 987 3649 1101 3711; x_wconf 84' lang='lat' dir='ltr'><strong>domine</strong></span> 
     </span>
     <span class='ocr_line' id='line_1_34' title="bbox 116 3732 1101 3816; baseline 0.004 -26"><span class='ocrx_word' id='word_1_254' title='bbox 116 3733 155 3790; x_wconf 89' lang='lat' dir='ltr'><strong>mi</strong></span> <span class='ocrx_word' id='word_1_255' title='bbox 173 3732 272 3804; x_wconf 86' lang='lat' dir='ltr'><strong>Petro,</strong></span> <span class='ocrx_word' id='word_1_256' title='bbox 292 3736 381 3793; x_wconf 89' lang='lat' dir='ltr'><strong>rectis</strong></span> <span class='ocrx_word' id='word_1_257' title='bbox 401 3745 431 3795; x_wconf 85' lang='lat' dir='ltr'><strong>et</strong></span> <span class='ocrx_word' id='word_1_258' title='bbox 448 3735 531 3797; x_wconf 87' lang='lat' dir='ltr'><strong>bonis</strong></span> <span class='ocrx_word' id='word_1_259' title='bbox 551 3736 677 3794; x_wconf 87' lang='lat' dir='ltr'><strong>consiliis</strong></span> <span class='ocrx_word' id='word_1_260' title='bbox 695 3738 762 3808; x_wconf 88' lang='lat' dir='ltr'><strong>tuis,</strong></span> <span class='ocrx_word' id='word_1_261' title='bbox 792 3736 844 3795; x_wconf 89' lang='lat' dir='ltr'><strong>scd</strong></span> <span class='ocrx_word' id='word_1_262' title='bbox 872 3734 971 3794; x_wconf 89' lang='lat' dir='ltr'><strong>dicere</strong></span> <span class='ocrx_word' id='word_1_263' title='bbox 995 3734 1101 3816; x_wconf 83' lang='lat' dir='ltr'><strong>aliquid</strong></span> 
     </span>
     <span class='ocr_line' id='line_1_35' title="bbox 115 3817 1101 3900; baseline 0.006 -25"><span class='ocrx_word' id='word_1_264' title='bbox 115 3817 194 3891; x_wconf 84' lang='lat' dir='ltr'><strong>volo,</strong></span> <span class='ocrx_word' id='word_1_265' title='bbox 215 3829 246 3877; x_wconf 83' lang='lat' dir='ltr'><strong>ul</strong></span> <span class='ocrx_word' id='word_1_266' title='bbox 263 3837 316 3896; x_wconf 86' lang='lat' dir='ltr'><strong>per</strong></span> <span class='ocrx_word' id='word_1_267' title='bbox 334 3820 389 3879; x_wconf 91' lang='lat' dir='ltr'><strong>boc</strong></span> <span class='ocrx_word' id='word_1_268' title='bbox 409 3819 515 3879; x_wconf 86' lang='lat' dir='ltr'><strong>discam</strong></span> <span class='ocrx_word' id='word_1_269' title='bbox 535 3820 610 3900; x_wconf 90' lang='lat' dir='ltr'><strong>quod</strong></span> <span class='ocrx_word' id='word_1_270' title='bbox 628 3822 740 3880; x_wconf 82' lang='lat' dir='ltr'><strong>neseio.</strong></span> <span class='ocrx_word' id='word_1_271' title='bbox 788 3819 862 3894; x_wconf 80' lang='lat' dir='ltr'><strong>Quid</strong></span> <span class='ocrx_word' id='word_1_272' title='bbox 880 3821 1101 3881; x_wconf 81' lang='lat' dir='ltr'><strong>s&#39;iintraannum</strong></span> 
     </span>
    </p>
   </div>
   <div class='ocr_carea' id='block_1_9' title="bbox 115 3903 1112 3988">
    <p class='ocr_par' dir='ltr' id='par_1_10' title="bbox 115 3903 1112 3988">
     <span class='ocr_line' id='line_1_36' title="bbox 115 3903 1112 3988; baseline 0.005 -25"><span class='ocrx_word' id='word_1_273' title='bbox 115 3903 203 3980; x_wconf 87' lang='lat' dir='ltr'><strong>bunc,</strong></span> <span class='ocrx_word' id='word_1_274' title='bbox 225 3923 283 3984; x_wconf 49' lang='lat' dir='ltr'><strong>quo*</strong></span> <span class='ocrx_word' id='word_1_275' title='bbox 291 3903 402 3966; x_wconf 83' lang='lat' dir='ltr'><strong>differri</strong></span> <span class='ocrx_word' id='word_1_276' title='bbox 412 3926 475 3968; x_wconf 92' lang='lat' dir='ltr'><strong>eum</strong></span> <span class='ocrx_word' id='word_1_277' title='bbox 485 3905 578 3983; x_wconf 88' lang='lat' dir='ltr'><strong>iubes,</strong></span> <span class='ocrx_word' id='word_1_278' title='bbox 599 3908 828 3988; x_wconf 73' lang='lat' dir='ltr'><strong>morieturpeter</strong></span> <span class='ocrx_word' id='word_1_279' title='bbox 842 3910 960 3966; x_wconf 85' lang='lat' dir='ltr'><strong>noster&#39;l</strong></span> <span class='ocrx_word' id='word_1_280' title='bbox 979 3904 1112 3968; x_wconf 72' lang='lat' dir='ltr'><strong>descen·&#39;</strong></span> 
     </span>
    </p>
   </div>
   <div class='ocr_carea' id='block_1_10' title="bbox 0 0 1322 4400">
    <p class='ocr_par' dir='ltr' id='par_1_11' title="bbox 0 0 1322 4400">
     <span class='ocr_line' id='line_1_37' title="bbox 0 0 1322 4400; baseline 0 0"><span class='ocrx_word' id='word_1_281' title='bbox 0 0 1322 4400; x_wconf 95' lang='lat' dir='ltr'><strong> </strong></span> 
     </span>
    </p>
   </div>
  </div>
 </body>
</html>
