2634 4400
584 293 627 357 53

610 391 637 396 μ..
656 388 721 396 -υ--ι

67 491 74 499 ’
122 483 198 562 enlm
227 495 277 555 tibl
305 513 339 555 ea
367 499 428 576 ipse
455 516 632 576 proponere,
658 517 776 577 quorum
803 497 945 561 absolutio
963 499 1037 560 beue
1056 501 1107 560 tibi

93 627 96 642 .
122 581 259 640 meditata
287 593 342 653 est,
371 593 402 639 ut
429 582 626 660 ignorantibus
644 584 734 641 turbis
760 582 886 643 ridearis
909 586 982 642 recti
1002 585 1109 665 aliquid

123 667 241 738 dicere,
263 666 315 725 sed
333 665 406 746 apud
424 685 470 724 me
489 688 544 725 uon
564 667 614 725 tibi
634 668 911 742 eritliorunrloeus.
927 668 1105 752 Nuuqergo,

33 749 44 766 ⁸
123 753 254 832 quoniam
283 762 312 810 ut
330 754 375 811 vir
402 751 485 811 lortis
503 752 662 830 polliceris,
684 764 713 811 te
733 755 807 810 omni
826 755 933 823 volenti
944 773 1108 833 proponere

122 833 340 916 responsurum,
370 836 436 894 mihi
456 838 569 896 iuterim
588 837 679 916 primo
697 837 884 916 respondeto.
931 838 969 897 Et
988 839 1105 898 Petrus:

123 919 253 991 Paratus,
274 921 375 999 inquit,
396 940 467 993 sunu,
489 932 594 979 tautum
613 932 645 980 ut
662 941 725 980 euru
744 941 817 1001 paee
835 924 873 982 sit
889 929 996 982 sermb.
1037 923 1108 982 Tum

124 1005 239 1064 Simoni
270 1003 335 1063 Nou
362 1003 454 1077 video,
475 1007 577 1086 inquit,
607 1007 834 1084 imperitissime,
865 1006 940 1085 quod
963 1009 1109 1068 contraria

122 1091 187 1167 agis
206 1089 342 1166 magistro
361 1101 421 1160 tuo,
443 1109 542 1168 pacem
562 1088 736 1170 deposcens,
758 1090 833 1170 quod
851 1093 947 1170 utique
968 1113 1023 1152 nou
1039 1113 1109 1150 eou-

122 1175 202 1232 renlt
220 1176 259 1243 oi,
281 1175 326 1251 qui
347 1185 570 1252 expugnaturum
598 1193 632 1234 se
648 1177 790 1253 promittit
815 1178 1024 1253 ignorantiam?
1050 1177 1109 1234 Aut

122 1261 147 1316 si
166 1269 197 1315 tu
216 1268 297 1316 reete
315 1277 415 1336 pacem
434 1259 469 1318 ab
488 1259 665 1318 auditoribus
683 1261 791 1339 poscis,
812 1262 1110 1338 noureetemagis'ter

122 1355 187 1400 tuus
206 1341 292 1400 dixit:
312 1345 337 1413 ¹)
363 1343 435 1416 Quia
453 1363 509 1400 non
529 1345 593 1402 roni
612 1363 712 1422 paoem
731 1346 846 1406 mittere
865 1345 893 1402 in
913 1356 1035 1418 terram,
1055 1343 1110 1404 sed

123 1425 259 1504 gladium.
307 1427 365 1495 Aut
383 1429 457 1492 euim
476 1437 506 1486 tu
524 1427 599 1485 bene
618 1426 703 1498 dieis,
725 1440 754 1486 et
777 1429 825 1486 ille
844 1448 900 1485 uon
919 1429 1005 1499 bene,
1026 1438 1075 1487 aut
1084 1430 1118 1499 si

123 1513 262 1589 magister
280 1521 343 1569 tuus
361 1511 448 1583 bene,
468 1523 498 1570 tu
517 1513 653 1590 pessime,
675 1514 722 1590 qul
742 1531 798 1570 nou
813 1512 981 1572 intellexisti
992 1523 1109 1570 eontra·

123 1597 214 1653 riute
233 1596 365 1674 prolerre
385 1597 424 1667 ei,
446 1597 525 1654 ruins
544 1608 573 1654 te
593 1595 759 1674 discipulum
778 1596 935 1674 proliteris.

166 1679 222 1738 27.
269 1678 315 1736 Ad
333 1680 405 1738 haee
425 1680 542 1738 Petraea
563 1679 667 1759 Neque
694 1682 742 1758 qui
769 1681 845 1738 misit
874 1701 920 1740 me
945 1680 1110 1740 malefecit

123 1763 247 1841 gladium
267 1765 380 1822 mittere
400 1766 427 1822 in
447 1775 564 1835 terram,
585 1773 679 1844 neque
698 1783 755 1842 ego
774 1767 918 1824 contraria
933 1768 1038 1843 eiago,
1059 1785 1110 1824 au·

123 1846 246 1909 diturum
258 1867 356 1928 paoem
367 1849 528 1926 requirens.
555 1848 615 1906 Sed
625 1859 654 1906 tu
666 1860 696 1907 et
706 1851 837 1927 imperite
848 1861 877 1907 et.
889 1861 998 1910 temere
1008 1867 1109 1928 repre·
1153 1887 1163 1905 .

123 1932 225 2001 hendis
244 1951 278 1994 ea
297 1951 369 2012 quae
389 1953 444 1990 nou
463 1933 615 2010 iutelligis3
646 1935 751 1991 etenim
762 1935 827 2011 quia
845 1952 946 2011 paoem
965 1935 1111 1992 noureuit

124 2019 239 2075 mittere
258 2018 286 2074 ln
306 2015 410 2075 terram
428 2018 576 2094 magister,
596 2016 711 2088 audisti,
738 2016 813 2097 qood
832 2029 925 2077 autem
945 2017 1063 2089 dixerit,
1078 2022 1108 2090 ²)
1130 2053 1134 2062 =

123 2101 207 2159 Beati
226 2101 350 2180 pacifici,
372 2103 503 2180 quoniam
522 2103 575 2181 ipsi
594 2103 643 2170 lilii
655 2101 900 2173 deivoeabuatur,
921 2123 977 2161 nou
988 2101 1105 2162 audisti.

123 2185 247 2264 Propter
266 2183 339 2264 quod
359 2206 414 2245 non
435 2206 491 2265 ego
510 2188 647 2263 magistro
666 2184 779 2245 diversa
798 2188 903 2261 sentio,
923 2207 1023 2265 parem
1042 2181 1110 2266 per,-¹

123 2269 259 2341 suadens,
281 2288 361 2349 quam
382 2272 429 2329 ille
448 2271 626 2329 sernentibus
645 2270 849 2329 beatitudiuem
867 2272 973 2349 posuit.
1007 2271 1045 2329 Et
1063 2271 1110 2329 Si-

123 2374 190 2413 nron
209 2356 264 2412 ait:
287 2354 342 2412 Pro
360 2356 496 2433 magistro
516 2354 694 2433 respondere
713 2356 844 2432 sopiens,
866 2375 883 2411 o
903 2355 1000 2427 Petro,
1022 2355 1109 2412 multo

124 2459 188 2497 euni
200 2440 313 2516 gravius
323 2441 477 2509 accusasti,
498 2440 522 2496 sl
542 2458 604 2496 oum
623 2440 686 2519 ipso
705 2458 761 2496 uon
778 2440 893 2496 venerit
910 2456 1011 2517 parem
1029 2439 1110 2496 faee-

123 2542 170 2593 re,
192 2523 263 2581 haue
287 2524 350 2581 aliis
368 2542 485 2581 servare
503 2524 698 2603 praeceperit.
745 2522 783 2579 Et
809 2522 951 2614 quomodo
970 2523 1043 2581 alius
1060 2523 1109 2581 ille

124 2609 188 2669 eius
207 2625 301 2665 sermo
321 2607 464 2666 constabit
482 2611 564 2686 quem
584 2607 674 2665 dixit?
687 2609 716 2680 ³)
750 2607 822 2679 Quia
840 2606 1106 2687 suffieitdiseipolo,

123 2702 156 2750 ut
174 2693 211 2749 sit
230 2694 304 2750 sieut
321 2693 458 2770 magister
477 2694 550 2751 eius.

167 2775 221 2841 28.
269 2776 370 2835 Petrus
388 2775 425 2835 ad
443 2778 532 2835 liaeo:
553 2776 705 2853 Magister,
726 2777 828 2854 iuquit,
849 2787 965 2846 noster,
981 2774 1027 2853 qui
1047 2787 1110 2834 erat

123 2880 210 2919 verus
229 2860 369 2938 propheta
398 2872 428 2919 et
450 2863 492 2921 sui
511 2862 539 2919 iu
559 2855 688 2919 omuibus
711 2880 831 2931 memor,
853 2878 946 2938 nequo
965 2860 1020 2917 sibi
1038 2879 1110 2918 eou-

122 2946 214 3002 traria
231 2944 364 3026 loquutus
383 2956 438 3016 est,
468 2962 561 3024 neque
589 2944 672 3003 nobis
698 2944 734 3002 ab
753 2945 888 3021 hisquae
907 2946 968 3021 ipse
987 2943 1111 3020 gerebat

123 3028 240 3089 diversa
267 3025 419 3085 mandarit.
476 3028 558 3099 Quod
585 3030 660 3087 enim
688 3029 743 3086 ait:
760 3030 788 3099 ⁴)
821 3027 888 3084 Nou
915 3029 981 3085 veui
1009 3042 1110 3105 paoem

123 3114 241 3171 mittere
259 3113 287 3167 in
308 3121 428 3181 terrum,
449 3111 501 3168 sed
520 3110 655 3187 gladium,
675 3121 707 3167 et
725 3130 762 3167 ex
783 3112 839 3167 lior
865 3110 999 3167 ridebitis
1027 3128 1110 3187 sepa·

123 3198 182 3256 rari
201 3190 312 3274 patrem
331 3213 348 3252 a
367 3194 436 3265 lilio,
458 3195 542 3252 lilium
561 3214 578 3251 a
596 3205 690 3271 patre,
710 3193 853 3251 virum'ab
873 3193 1026 3264 uxore,'et
1038 3212 1110 3249 uxo·

124 3300 186 3339 rem
210 3280 319 3349 aviro,
343 3290 375 3337 ot
392 3290 509 3337 matrem
529 3297 545 3335 a
563 3278 632 3348 lilla,
662 3277 747 3342 liliam
774 3296 791 3333 a
817 3286 919 3347 matre,
948 3276 1065 3334 fratrem
1093 3296 1111 3334 a

125 3366 228 3439 luntre,
250 3382 362 3437 socrum
382 3383 398 3422 a
416 3383 499 3435 nuru,
520 3364 639 3421 auridum
657 3361 694 3432 ab
712 3362 815 3432 amieo,
837 3361 909 3419 luaee
928 3362 1022 3419 omnia
1039 3378 1109 3418 eon·

125 3576 339 3586 ——n-n--u--a

166 3687 190 3746 ¹)
208 3689 299 3733 niutan.
319 3690 359 3747 1o,
379 3689 419 3735 aa.

163 3754 191 3880 ἒξ
209 3754 300 3867 llll:
318 3759 421 3882 at...
518 3810 527 3819 ·

164 3885 191 3948 ⁴)
209 3888 298 3936 ututtti.
318 3892 358 3949 1o,
379 3891 418 3936 34.
437 3892 476 3936 ³5.
512 3890 573 3936 Lue-
593 3891 633 3949 12,
653 3891 693 3935 53.
