2634 4400
602 243 664 305 tet

524 338 737 353 ——11-——7-0-1

137 455 183 509 ta's
202 468 259 508 non
278 446 411 509 deorsum
431 447 482 509 sod
501 448 723 521 sursumtondit‚
743 450 902 529 impositam
913 451 1008 513 mundi
1018 454 1121 515 molem

136 533 175 594 ad
202 534 352 614 superiora
378 552 494 613 semper
519 536 613 595 nitens
639 536 716 613 ignis
743 546 843 595 natura
869 537 1029 597 subvectat.
1075 537 1121 599 At

137 621 212 679 baec
231 617 481 699 respondebimus:
503 619 651 693 Quomodo
671 630 825 699 potuerunt
842 624 928 681 atomi
938 623 1122 703 igneaeque·

137 706 240 776 litatis,
262 722 334 783 quae
354 722 469 784 semper
486 703 522 763 ad
540 704 691 783 superiora
709 704 896 779 contendunt,
926 706 954 766 in
982 708 1122 768 inieriora

137 787 331 862 descendero,
353 800 383 849 et
400 791 428 848 in
447 789 589 869 proiundo
608 809 642 848 uc
661 790 713 849 sab
732 792 826 849 omnia
844 790 977 851 demerso
1000 794 1122 853 inveniri

138 876 224 935 ioco't
248 875 316 933 Cum
335 876 433 955 utique
452 876 601 950 graviores
620 894 766 955 quaeque,
786 874 816 935 id
843 887 888 935 est
913 888 1049 937 terrenae
1075 878 1122 937 vei

138 959 270 1021 humidae
289 960 440 1040 qualitates
459 962 661 1039 praeveniant,
682 971 714 1019 ut
731 959 851 1020 diximus
879 962 1016 1035 leviores,
1045 960 1121 1021 undo

138 1057 169 1107 et
188 1047 298 1105 conium
318 1045 395 1105 reiut
413 1046 590 1125 superiorum
609 1045 747 1106 imbricum
765 1047 859 1125 igneis
872 1048 987 1120 atomis,
1008 1058 1122 1128 quaect

137 1132 264 1191 leviores
283 1141 347 1189 sunt
366 1141 396 1190 et
413 1150 522 1189 sursum
542 1150 655 1210 sempor
674 1132 795 1208 fugiunt,
816 1130 954 1191 adserunt
971 1144 1118 1193 structam.

137 1216 242 1295 Neque
261 1234 333 1295 ergo
351 1214 535 1275 fundamenta
554 1218 628 1295 ignis
647 1227 696 1275 unt
713 1217 770 1275 aiia
787 1217 845 1276 uiia
866 1217 974 1278 babere
1002 1216 1121 1278 mundus

138 1312 251 1383 potest,
281 1319 373 1381 noque
401 1302 502 1360 atomis
530 1300 710 1377 gravioribus
737 1320 800 1359 cum
828 1301 998 1376 levioribus,
1028 1303 1122 1363 idest

138 1388 183 1447 bis
202 1404 273 1465 quae
293 1384 426 1445 deorsum
445 1404 560 1465 semper
577 1386 807 1465 praecipitantur
824 1396 855 1444 et
872 1386 915 1445 bis
925 1406 998 1465 quae
1008 1406 1123 1467 semper

137 1490 247 1531 sursnsu
271 1472 393 1549 iugiuut‚
415 1472 539 1531 societas
565 1480 615 1529 aut
641 1471 852 1549 compaginatio
880 1471 935 1529 uiia
953 1474 1118 1533 conveniat.

137 1558 231 1636 Igitur
249 1554 325 1637 quod
344 1556 519 1635 impossibiie
538 1558 574 1615 sit
593 1574 629 1615 cn
647 1566 807 1615 atomorum
826 1556 1030 1615 coniunctione
1055 1576 1122 1616 cor·

136 1660 209 1722 pora
227 1640 321 1702 mundi
341 1640 470 1713 solidari,
492 1642 672 1701 suiiicionter
689 1640 812 1712 dictum,
842 1651 873 1699 et
894 1639 970 1719 quod
992 1660 1049 1701 non
1068 1662 1121 1721 po-

136 1728 245 1787 tuerint
263 1726 438 1786 insensibiiia
457 1746 591 1807 corpora,
621 1728 732 1785 etiamsi
759 1726 816 1785 uiia
842 1728 955 1785 ratione
983 1726 1063 1785 coire
1091 1737 1122 1787 et

137 1812 274 1871 connecti
291 1813 462 1891 potuissent,
484 1813 589 1871 inrmas
608 1809 679 1871 dare
706 1810 877 1891 corporibus
904 1821 934 1870 et
960 1830 1118 1885 mensurus,

128 1896 264 1957 membra
282 1897 406 1974 tingere,
426 1897 470 1957 vei
490 1897 640 1977 qualitates
650 1896 782 1968 eiicere,
802 1896 849 1956 vei
859 1897 1022 1975 exprimere
1031 1916 1121 1977 quan·

136 1986 251 2056 titatesp
273 2000 345 2062 qnae
363 1982 461 2063 ntique
480 1983 574 2041 omnia
593 1980 787 2041 modulatione
806 1982 861 2054 sni,
882 2002 991 2042 manum
1010 1993 1121 2043 testam

137 2080 184 2129 tur
201 2068 321 2127 artificis
340 2079 457 2147 etopus
476 2068 597 2127 rationis
616 2066 781 2143 ostendunt,
802 2086 884 2148 quam
902 2070 1043 2128 rationem
1062 2086 1119 2147 ego

136 2153 254 2216 verbum
273 2163 303 2214 ct
321 2151 403 2214 deum
422 2154 548 2234 uppeiio.

180 2238 237 2302 20.
284 2237 344 2298 Sed
363 2237 442 2298 dicet
459 2239 560 2318 aliquis
578 2239 649 2298 baec
669 2257 686 2296 a
704 2248 804 2296 natura
822 2237 898 2296 iteri.
945 2237 1003 2296 iam
1021 2238 1050 2295 in
1064 2237 1120 2298 boc

135 2323 174 2386 de
193 2326 308 2384 nomine
326 2325 524 2383 controversia
543 2333 598 2382 est.
645 2322 714 2380 Cum
733 2322 808 2381 enim
820 2322 1120 2382 constctmentiscsse

136 2422 168 2471 et
185 2411 303 2470 rationis
323 2429 404 2490 opus,
420 2409 480 2471 ,boc
500 2406 575 2488 quod
594 2418 622 2466 tu
633 2415 868 2476 naturamvocas,
890 2423 946 2484 ego
958 2403 1121 2465 dcumcon-

137 2495 360 2568 ditoremuccop
381 2503 558 2554 constetnec
578 2492 705 2570 potuisse
724 2508 779 2551 nec
797 2508 883 2570 posse
901 2491 947 2550 vei
967 2509 1120 2570 corporum

137 2581 251 2662 species
269 2591 325 2640 tam
354 2579 526 2640 necessariis
554 2575 783 2636 distinctionibus
810 2576 965 2647 institutas,
993 2575 1040 2634 vei
1058 2577 1120 2634 ani·

136 2685 246 2726 morum
265 2683 377 2735 sensus,
398 2661 586 2722 irrationabili
605 2679 695 2741 opere
713 2671 744 2720 et
761 2659 837 2740 qnod
854 2679 940 2720 sensu
959 2670 1059 2720 careat
1076 2661 1121 2720 ei·

137 2753 197 2812 tei.
244 2747 368 2824 Quodsi
387 2747 485 2808 idonei
504 2745 555 2806 tibi
574 2757 665 2806 testes
681 2743 816 2805 videntur
832 2745 1008 2826 philosophi,
1037 2743 1119 2806 Piato

137 2835 173 2896 de
193 2836 236 2895 bis
255 2845 377 2894 testatur
393 2835 422 2892 in
440 2832 558 2893 Timaeo
573 2834 614 2906 ¹),
634 2827 682 2890 nbi
701 2829 738 2891 de
764 2829 860 2890 mundi
886 2831 998 2890 iactura
1024 2827 1120 2890 discu-

136 2923 212 2980 tiens
231 2919 362 2998 requirit,
392 2929 549 2978 utrumnum
568 2935 685 2996 semper
701 2915 799 2986 inerit,
820 2935 856 2973 an
874 2915 984 2975 initium
1011 2933 1120 2976 sumse-

135 3008 186 3074 rit,
207 3014 238 3062 ct
255 3002 425 3082 pronunciat
443 3003 509 3080 quia
526 3001 619 3059 iactus
633 3002 687 3060 sit:
707 2999 835 3059 Visibiiis
846 3001 931 3071 euim,
952 3001 1054 3079 inquit,
1075 3011 1121 3060 ost

137 3099 168 3150 et
186 3085 336 3166 paipnbiiis
354 3095 439 3164 atque
458 3103 626 3166 corporeus,
647 3086 741 3144 omnia
759 3093 854 3144 autem
873 3102 946 3163 quae
960 3083 1119 3143 buiussnodi

136 3181 214 3243 sant,
226 3171 303 3229 iacta
314 3187 378 3229 esse
389 3179 517 3242 constnt3
529 3168 605 3248 quod
615 3177 709 3228 autem
718 3169 823 3228 iactum
834 3179 890 3241 est,
902 3170 1024 3248 aiiqnem
1034 3167 1120 3228 babet

137 3254 466 3326 sinednbioanctorem,
486 3275 504 3316 a
521 3273 576 3334 quo
595 3255 701 3314 iactum
720 3263 775 3314 est.
810 3252 891 3312 Hunc
910 3271 994 3332 ergo,
1015 3252 1117 3334 inquit,

136 3343 278 3403 iactarem
296 3350 501 3420 parentemque
520 3340 653 3412 omnium,
676 3336 1120 3400 etinvenirediiiiciicostetin·

135 3437 250 3488 ventum
259 3425 346 3504 vulgo
357 3443 493 3484 enarrare
504 3425 689 3506 impossibiie.
720 3423 800 3484 iiaoc
814 3419 928 3504 quidem
938 3422 1116 3496 Piatodicit3

137 3509 189 3572 sed
199 3513 260 3572 etsi
271 3511 333 3592 ipse
351 3509 455 3588 aliique
466 3507 642 3570 Graecorum
660 3509 822 3590 pbiiosopbi
839 3507 876 3568 de
894 3509 1006 3568 iactura
1023 3508 1119 3568 mundi

137 3596 401 3666 siisrevoiuissent‚
422 3611 516 3654 nonne
536 3595 665 3654 omnibns
683 3595 857 3655 inteiiectnm
877 3592 1046 3654 habentibus
1068 3612 1119 3670 pn-

138 3682 192 3740 inm
203 3684 298 3740 esset?
318 3679 385 3753 Quis
396 3681 471 3739 euim
482 3685 526 3740 est
536 3679 632 3758 exigui
646 3679 746 3740 saitem
760 3697 860 3740 seusus
875 3677 972 3750 bono,
982 3677 1041 3756 spui
1055 3693 1117 3734 oum

125 3820 129 3832 Ι
137 3803 351 3820 m

175 3863 200 3930 Ι)
219 3879 244 3926 p.
262 3867 303 3913 te.
319 3867 347 3914 B.
365 3863 404 3912 eti.
421 3863 509 3928 biepb.
