<?xml version="1.0" encoding="UTF-8"?>
<!DOCTYPE html PUBLIC "-//W3C//DTD XHTML 1.0 Transitional//EN"
    "http://www.w3.org/TR/xhtml1/DTD/xhtml1-transitional.dtd">
<html xmlns="http://www.w3.org/1999/xhtml" xml:lang="en" lang="en">
 <head>
  <title>
</title>
<meta http-equiv="Content-Type" content="text/html;charset=utf-8" />
  <meta name='ocr-system' content='tesseract 3.04.00' />
  <meta name='ocr-capabilities' content='ocr_page ocr_carea ocr_par ocr_line ocrx_word'/>
</head>
<body>
  <div class='ocr_page' id='page_1' title='image "./recognitionesru00gersgoog_0211.png"; bbox 0 0 2634 4400; ppageno 0'>
   <div class='ocr_carea' id='block_1_1' title="bbox 597 262 665 323">
    <p class='ocr_par' dir='ltr' id='par_1_1' title="bbox 597 262 665 323">
     <span class='ocr_line' id='line_1_1' title="bbox 597 262 665 323; baseline 0 -1"><span class='ocrx_word' id='word_1_1' title='bbox 597 262 665 323; x_wconf 73' lang='lat'><strong>211</strong></span> 
     </span>
    </p>
   </div>
   <div class='ocr_carea' id='block_1_2' title="bbox 527 353 741 367">
    <p class='ocr_par' dir='ltr' id='par_1_2' title="bbox 527 353 741 367">
     <span class='ocr_line' id='line_1_2' title="bbox 527 353 741 367; baseline 0.005 -1"><span class='ocrx_word' id='word_1_2' title='bbox 527 353 741 367; x_wconf 48' lang='grc' dir='ltr'><strong><em>Μ</em></strong></span> 
     </span>
    </p>
   </div>
   <div class='ocr_carea' id='block_1_3' title="bbox 137 462 1124 717">
    <p class='ocr_par' dir='ltr' id='par_1_3' title="bbox 137 462 1124 717">
     <span class='ocr_line' id='line_1_3' title="bbox 138 462 1124 547; baseline 0.004 -24"><span class='ocrx_word' id='word_1_3' title='bbox 138 462 176 523; x_wconf 90' lang='lat' dir='ltr'><strong>ad</strong></span> <span class='ocrx_word' id='word_1_4' title='bbox 185 464 400 543; x_wconf 76' lang='lat' dir='ltr'><strong>agriculturam,</strong></span> <span class='ocrx_word' id='word_1_5' title='bbox 421 464 457 524; x_wconf 88' lang='lat' dir='ltr'><strong>ad</strong></span> <span class='ocrx_word' id='word_1_6' title='bbox 467 476 648 539; x_wconf 75' lang='lat' dir='ltr'><strong>structuram,</strong></span> <span class='ocrx_word' id='word_1_7' title='bbox 670 478 700 525; x_wconf 91' lang='lat' dir='ltr'><strong>et</strong></span> <span class='ocrx_word' id='word_1_8' title='bbox 713 466 750 525; x_wconf 92' lang='lat' dir='ltr'><strong>ad</strong></span> <span class='ocrx_word' id='word_1_9' title='bbox 760 486 843 527; x_wconf 87' lang='lat' dir='ltr'><strong>omne</strong></span> <span class='ocrx_word' id='word_1_10' title='bbox 854 470 1017 546; x_wconf 85' lang='lat' dir='ltr'><strong>opusvirile</strong></span> <span class='ocrx_word' id='word_1_11' title='bbox 1028 489 1124 547; x_wconf 91' lang='lat' dir='ltr'><strong>prom·</strong></span> 
     </span>
     <span class='ocr_line' id='line_1_4' title="bbox 137 550 1123 632; baseline 0.004 -23"><span class='ocrx_word' id='word_1_12' title='bbox 137 561 194 622; x_wconf 87' lang='lat' dir='ltr'><strong>tas,</strong></span> <span class='ocrx_word' id='word_1_13' title='bbox 215 551 341 609; x_wconf 90' lang='lat' dir='ltr'><strong>misceri.</strong></span> <span class='ocrx_word' id='word_1_14' title='bbox 349 550 561 630; x_wconf 91' lang='lat' dir='ltr'><strong>quibuscunque</strong></span> <span class='ocrx_word' id='word_1_15' title='bbox 580 554 724 611; x_wconf 84' lang='lat' dir='ltr'><strong>voluerint</strong></span> <span class='ocrx_word' id='word_1_16' title='bbox 742 564 773 611; x_wconf 88' lang='lat' dir='ltr'><strong>et</strong></span> <span class='ocrx_word' id='word_1_17' title='bbox 790 574 847 612; x_wconf 90' lang='lat' dir='ltr'><strong>non</strong></span> <span class='ocrx_word' id='word_1_18' title='bbox 865 555 948 631; x_wconf 90' lang='lat' dir='ltr'><strong>argui</strong></span> <span class='ocrx_word' id='word_1_19' title='bbox 965 555 1059 613; x_wconf 84' lang='lat' dir='ltr'><strong>avinis</strong></span> <span class='ocrx_word' id='word_1_20' title='bbox 1069 575 1123 632; x_wconf 94' lang='lat' dir='ltr'><strong>pro</strong></span> 
     </span>
     <span class='ocr_line' id='line_1_5' title="bbox 138 634 1121 717; baseline 0.004 -22"><span class='ocrx_word' id='word_1_21' title='bbox 138 634 292 708; x_wconf 87' lang='lat' dir='ltr'><strong>adulterio,</strong></span> <span class='ocrx_word' id='word_1_22' title='bbox 314 637 389 695; x_wconf 90' lang='lat' dir='ltr'><strong>nulla</strong></span> <span class='ocrx_word' id='word_1_23' title='bbox 407 638 448 696; x_wconf 90' lang='lat' dir='ltr'><strong>uti</strong></span> <span class='ocrx_word' id='word_1_24' title='bbox 466 638 596 709; x_wconf 90' lang='lat' dir='ltr'><strong>mollitie,</strong></span> <span class='ocrx_word' id='word_1_25' title='bbox 626 659 683 697; x_wconf 91' lang='lat' dir='ltr'><strong>nnn</strong></span> <span class='ocrx_word' id='word_1_26' title='bbox 710 640 879 717; x_wconf 85' lang='lat' dir='ltr'><strong>uirgnentis,</strong></span> <span class='ocrx_word' id='word_1_27' title='bbox 908 660 966 698; x_wconf 91' lang='lat' dir='ltr'><strong>non</strong></span> <span class='ocrx_word' id='word_1_28' title='bbox 983 640 1121 711; x_wconf 89' lang='lat' dir='ltr'><strong>vestibus,</strong></span> 
     </span>
    </p>
   </div>
   <div class='ocr_carea' id='block_1_4' title="bbox 137 722 1151 1059">
    <p class='ocr_par' dir='ltr' id='par_1_4' title="bbox 137 722 1151 1059">
     <span class='ocr_line' id='line_1_6' title="bbox 138 722 1122 802; baseline 0.005 -24"><span class='ocrx_word' id='word_1_29' title='bbox 138 742 195 779; x_wconf 90' lang='lat' dir='ltr'><strong>non</strong></span> <span class='ocrx_word' id='word_1_30' title='bbox 215 722 411 783; x_wconf 73' lang='lat' dir='ltr'><strong>calciamentis</strong></span> <span class='ocrx_word' id='word_1_31' title='bbox 433 722 627 795; x_wconf 84' lang='lat' dir='ltr'><strong>muliebribus,</strong></span> <span class='ocrx_word' id='word_1_32' title='bbox 648 722 700 781; x_wconf 91' lang='lat' dir='ltr'><strong>sed</strong></span> <span class='ocrx_word' id='word_1_33' title='bbox 728 725 851 790; x_wconf 81' lang='lat' dir='ltr'><strong>virorum</strong></span> <span class='ocrx_word' id='word_1_34' title='bbox 878 736 957 784; x_wconf 89' lang='lat' dir='ltr'><strong>sorte</strong></span> <span class='ocrx_word' id='word_1_35' title='bbox 985 736 1122 802; x_wconf 72' lang='lat' dir='ltr'><strong>agentes,</strong></span> 
     </span>
     <span class='ocr_line' id='line_1_7' title="bbox 137 808 1151 891; baseline 0.004 -26"><span class='ocrx_word' id='word_1_36' title='bbox 137 808 216 867; x_wconf 83' lang='lat' dir='ltr'><strong>uiros</strong></span> <span class='ocrx_word' id='word_1_37' title='bbox 234 817 327 865; x_wconf 90' lang='lat' dir='ltr'><strong>autem</strong></span> <span class='ocrx_word' id='word_1_38' title='bbox 347 827 412 869; x_wconf 88' lang='lat' dir='ltr'><strong>esse</strong></span> <span class='ocrx_word' id='word_1_39' title='bbox 438 818 470 867; x_wconf 88' lang='lat' dir='ltr'><strong>nt</strong></span> <span class='ocrx_word' id='word_1_40' title='bbox 495 810 615 867; x_wconf 89' lang='lat' dir='ltr'><strong>feminas</strong></span> <span class='ocrx_word' id='word_1_41' title='bbox 634 828 689 869; x_wconf 88' lang='lat' dir='ltr'><strong>nec</strong></span> <span class='ocrx_word' id='word_1_42' title='bbox 718 811 866 889; x_wconf 87' lang='lat' dir='ltr'><strong>quicquam</strong></span> <span class='ocrx_word' id='word_1_43' title='bbox 892 811 975 891; x_wconf 85' lang='lat' dir='ltr'><strong>virile</strong></span> <span class='ocrx_word' id='word_1_44' title='bbox 1004 830 1121 887; x_wconf 84' lang='lat' dir='ltr'><strong>gerere,</strong></span> <span class='ocrx_word' id='word_1_45' title='bbox 1145 870 1151 879; x_wconf 24' lang='lat' dir='ltr'>x</span> 
     </span>
     <span class='ocr_line' id='line_1_8' title="bbox 138 891 1124 966; baseline 0.003 -15"><span class='ocrx_word' id='word_1_46' title='bbox 138 891 332 951; x_wconf 85' lang='lat' dir='ltr'><strong>cacodaemon</strong></span> <span class='ocrx_word' id='word_1_47' title='bbox 361 892 459 953; x_wconf 87' lang='lat' dir='ltr'><strong>Venus</strong></span> <span class='ocrx_word' id='word_1_48' title='bbox 478 913 540 953; x_wconf 92' lang='lat' dir='ltr'><strong>cum</strong></span> <span class='ocrx_word' id='word_1_49' title='bbox 558 893 652 952; x_wconf 86' lang='lat' dir='ltr'><strong>Marte</strong></span> <span class='ocrx_word' id='word_1_50' title='bbox 680 896 704 953; x_wconf 93' lang='lat' dir='ltr'><strong>si</strong></span> <span class='ocrx_word' id='word_1_51' title='bbox 731 897 768 955; x_wconf 89' lang='lat' dir='ltr'><strong>sit</strong></span> <span class='ocrx_word' id='word_1_52' title='bbox 793 898 821 953; x_wconf 91' lang='lat' dir='ltr'><strong>in</strong></span> <span class='ocrx_word' id='word_1_53' title='bbox 845 894 968 966; x_wconf 77' lang='lat' dir='ltr'><strong>Ariete,</strong></span> <span class='ocrx_word' id='word_1_54' title='bbox 998 895 1124 955; x_wconf 86' lang='lat' dir='ltr'><strong>efficite</strong></span> 
     </span>
     <span class='ocr_line' id='line_1_9' title="bbox 137 978 1047 1059; baseline 0.005 -24"><span class='ocrx_word' id='word_1_55' title='bbox 137 978 284 1037; x_wconf 89' lang='lat' dir='ltr'><strong>contrario</strong></span> <span class='ocrx_word' id='word_1_56' title='bbox 304 979 461 1051; x_wconf 75' lang='lat' dir='ltr'><strong>mulieres,</strong></span> <span class='ocrx_word' id='word_1_57' title='bbox 472 981 496 1038; x_wconf 92' lang='lat' dir='ltr'><strong>si</strong></span> <span class='ocrx_word' id='word_1_58' title='bbox 515 981 552 1039; x_wconf 89' lang='lat' dir='ltr'><strong>sit</strong></span> <span class='ocrx_word' id='word_1_59' title='bbox 570 981 598 1037; x_wconf 91' lang='lat' dir='ltr'><strong>in</strong></span> <span class='ocrx_word' id='word_1_60' title='bbox 618 979 822 1058; x_wconf 86' lang='lat' dir='ltr'><strong>Capraecornn</strong></span> <span class='ocrx_word' id='word_1_61' title='bbox 840 992 890 1039; x_wconf 87' lang='lat' dir='ltr'><strong>aut</strong></span> <span class='ocrx_word' id='word_1_62' title='bbox 907 978 1047 1059; x_wconf 83' lang='lat' dir='ltr'><strong>Aquario.</strong></span> 
     </span>
    </p>
   </div>
   <div class='ocr_carea' id='block_1_5' title="bbox 81 1081 1185 2269">
    <p class='ocr_par' dir='ltr' id='par_1_5' title="bbox 81 1081 1185 2269">
     <span class='ocr_line' id='line_1_10' title="bbox 183 1081 1125 1180; baseline 0.003 -25"><span class='ocrx_word' id='word_1_63' title='bbox 183 1096 236 1156; x_wconf 79' lang='grc'><strong>18.</strong></span> <span class='ocrx_word' id='word_1_64' title='bbox 285 1096 410 1176; x_wconf 82' lang='lat' dir='ltr'><strong>Cumque</strong></span> <span class='ocrx_word' id='word_1_65' title='bbox 430 1100 515 1157; x_wconf 89' lang='lat' dir='ltr'><strong>multa</strong></span> <span class='ocrx_word' id='word_1_66' title='bbox 534 1098 569 1157; x_wconf 90' lang='lat' dir='ltr'><strong>dc</strong></span> <span class='ocrx_word' id='word_1_67' title='bbox 589 1099 631 1157; x_wconf 89' lang='lat' dir='ltr'><strong>his</strong></span> <span class='ocrx_word' id='word_1_68' title='bbox 650 1081 740 1159; x_wconf 76' lang='lat' dir='ltr'><strong>senex</strong></span> <span class='ocrx_word' id='word_1_69' title='bbox 758 1112 948 1180; x_wconf 86' lang='lat' dir='ltr'><strong>prosequutus</strong></span> <span class='ocrx_word' id='word_1_70' title='bbox 976 1110 1064 1171; x_wconf 90' lang='lat' dir='ltr'><strong>esset,</strong></span> <span class='ocrx_word' id='word_1_71' title='bbox 1095 1111 1125 1159; x_wconf 88' lang='lat' dir='ltr'><strong>et</strong></span> 
     </span>
     <span class='ocr_line' id='line_1_11' title="bbox 137 1182 1124 1265; baseline 0.004 -24"><span class='ocrx_word' id='word_1_72' title='bbox 137 1182 357 1261; x_wconf 89' lang='lat' dir='ltr'><strong>unumquodque</strong></span> <span class='ocrx_word' id='word_1_73' title='bbox 377 1183 493 1243; x_wconf 91' lang='lat' dir='ltr'><strong>schema</strong></span> <span class='ocrx_word' id='word_1_74' title='bbox 510 1184 657 1257; x_wconf 80' lang='lat' dir='ltr'><strong>mathesis,</strong></span> <span class='ocrx_word' id='word_1_75' title='bbox 679 1187 822 1250; x_wconf 85' lang='lat' dir='ltr'><strong>stellarum</strong></span> <span class='ocrx_word' id='word_1_76' title='bbox 842 1205 955 1265; x_wconf 93' lang='lat' dir='ltr'><strong>quoque</strong></span> <span class='ocrx_word' id='word_1_77' title='bbox 965 1187 1124 1264; x_wconf 80' lang='lat' dir='ltr'><strong>positiones</strong></span> 
     </span>
     <span class='ocr_line' id='line_1_12' title="bbox 139 1269 1124 1349; baseline 0.002 -22"><span class='ocrx_word' id='word_1_78' title='bbox 139 1280 346 1339; x_wconf 85' lang='lat' dir='ltr'><strong>enumerasset,</strong></span> <span class='ocrx_word' id='word_1_79' title='bbox 367 1270 467 1327; x_wconf 90' lang='lat' dir='ltr'><strong>volens</strong></span> <span class='ocrx_word' id='word_1_80' title='bbox 487 1289 540 1347; x_wconf 88' lang='lat' dir='ltr'><strong>per</strong></span> <span class='ocrx_word' id='word_1_81' title='bbox 567 1270 639 1329; x_wconf 87' lang='lat' dir='ltr'><strong>lraec</strong></span> <span class='ocrx_word' id='word_1_82' title='bbox 668 1269 835 1342; x_wconf 85' lang='lat' dir='ltr'><strong>ostendere,</strong></span> <span class='ocrx_word' id='word_1_83' title='bbox 864 1274 930 1349; x_wconf 86' lang='lat' dir='ltr'><strong>qnia</strong></span> <span class='ocrx_word' id='word_1_84' title='bbox 955 1274 1042 1333; x_wconf 90' lang='lat' dir='ltr'><strong>timor</strong></span> <span class='ocrx_word' id='word_1_85' title='bbox 1067 1292 1124 1329; x_wconf 92' lang='lat' dir='ltr'><strong>non</strong></span> 
     </span>
     <span class='ocr_line' id='line_1_13' title="bbox 138 1341 1122 1437; baseline 0 -24"><span class='ocrx_word' id='word_1_86' title='bbox 138 1341 265 1416; x_wconf 83' lang='lat' dir='ltr'><strong>shlhciat</strong></span> <span class='ocrx_word' id='word_1_87' title='bbox 285 1356 437 1413; x_wconf 77' lang='lat' dir='ltr'><strong>refrenare</strong></span> <span class='ocrx_word' id='word_1_88' title='bbox 465 1356 730 1437; x_wconf 70' lang='lat' dir='ltr'><strong>concupiscentias,</strong></span> <span class='ocrx_word' id='word_1_89' title='bbox 760 1376 817 1433; x_wconf 90' lang='lat' dir='ltr'><strong>ego</strong></span> <span class='ocrx_word' id='word_1_90' title='bbox 844 1376 942 1415; x_wconf 91' lang='lat' dir='ltr'><strong>rursus</strong></span> <span class='ocrx_word' id='word_1_91' title='bbox 968 1356 1122 1435; x_wconf 73' lang='lat' dir='ltr'><strong>respondi.</strong></span> 
     </span>
     <span class='ocr_line' id='line_1_14' title="bbox 136 1438 1125 1520; baseline 0.001 -22"><span class='ocrx_word' id='word_1_92' title='bbox 136 1438 228 1510; x_wconf 82' lang='lat' dir='ltr'><strong>llere,</strong></span> <span class='ocrx_word' id='word_1_93' title='bbox 249 1450 344 1518; x_wconf 89' lang='lat' dir='ltr'><strong>pater,</strong></span> <span class='ocrx_word' id='word_1_94' title='bbox 367 1438 531 1499; x_wconf 84' lang='lat' dir='ltr'><strong>doctissime</strong></span> <span class='ocrx_word' id='word_1_95' title='bbox 551 1450 580 1499; x_wconf 89' lang='lat' dir='ltr'><strong>et</strong></span> <span class='ocrx_word' id='word_1_96' title='bbox 599 1439 789 1499; x_wconf 82' lang='lat' dir='ltr'><strong>eruditissime</strong></span> <span class='ocrx_word' id='word_1_97' title='bbox 808 1452 998 1520; x_wconf 88' lang='lat' dir='ltr'><strong>prosequutus</strong></span> <span class='ocrx_word' id='word_1_98' title='bbox 1017 1460 1064 1512; x_wconf 91' lang='lat' dir='ltr'><strong>es,</strong></span> <span class='ocrx_word' id='word_1_99' title='bbox 1095 1453 1125 1500; x_wconf 91' lang='lat' dir='ltr'><strong>et</strong></span> 
     </span>
     <span class='ocr_line' id='line_1_15' title="bbox 137 1524 1124 1604; baseline 0.004 -23"><span class='ocrx_word' id='word_1_100' title='bbox 137 1525 200 1603; x_wconf 88' lang='lat' dir='ltr'><strong>ipse</strong></span> <span class='ocrx_word' id='word_1_101' title='bbox 219 1544 264 1583; x_wconf 92' lang='lat' dir='ltr'><strong>me</strong></span> <span class='ocrx_word' id='word_1_102' title='bbox 283 1527 357 1582; x_wconf 88' lang='lat' dir='ltr'><strong>ratio</strong></span> <span class='ocrx_word' id='word_1_103' title='bbox 387 1526 488 1583; x_wconf 87' lang='lat' dir='ltr'><strong>invitat</strong></span> <span class='ocrx_word' id='word_1_104' title='bbox 510 1524 615 1603; x_wconf 90' lang='lat' dir='ltr'><strong>aliquid</strong></span> <span class='ocrx_word' id='word_1_105' title='bbox 634 1525 671 1583; x_wconf 90' lang='lat' dir='ltr'><strong>ad</strong></span> <span class='ocrx_word' id='word_1_106' title='bbox 690 1545 725 1584; x_wconf 89' lang='lat' dir='ltr'><strong>ea</strong></span> <span class='ocrx_word' id='word_1_107' title='bbox 744 1546 815 1604; x_wconf 90' lang='lat' dir='ltr'><strong>quae</strong></span> <span class='ocrx_word' id='word_1_108' title='bbox 834 1546 851 1583; x_wconf 86' lang='lat' dir='ltr'><strong>a</strong></span> <span class='ocrx_word' id='word_1_109' title='bbox 869 1537 898 1585; x_wconf 90' lang='lat' dir='ltr'><strong>te</strong></span> <span class='ocrx_word' id='word_1_110' title='bbox 918 1526 1041 1585; x_wconf 89' lang='lat' dir='ltr'><strong>disserta</strong></span> <span class='ocrx_word' id='word_1_111' title='bbox 1059 1538 1124 1585; x_wconf 92' lang='lat' dir='ltr'><strong>sunt</strong></span> 
     </span>
     <span class='ocr_line' id='line_1_16' title="bbox 137 1609 1124 1689; baseline 0.001 -21"><span class='ocrx_word' id='word_1_112' title='bbox 137 1609 327 1688; x_wconf 90' lang='lat' dir='ltr'><strong>respondere,</strong></span> <span class='ocrx_word' id='word_1_113' title='bbox 350 1611 481 1689; x_wconf 89' lang='lat' dir='ltr'><strong>quoniam</strong></span> <span class='ocrx_word' id='word_1_114' title='bbox 508 1609 621 1689; x_wconf 91' lang='lat' dir='ltr'><strong>quidem</strong></span> <span class='ocrx_word' id='word_1_115' title='bbox 650 1613 772 1670; x_wconf 90' lang='lat' dir='ltr'><strong>scientia</strong></span> <span class='ocrx_word' id='word_1_116' title='bbox 798 1611 866 1669; x_wconf 93' lang='lat' dir='ltr'><strong>mihi</strong></span> <span class='ocrx_word' id='word_1_117' title='bbox 892 1613 1029 1671; x_wconf 86' lang='lat' dir='ltr'><strong>mathesis</strong></span> <span class='ocrx_word' id='word_1_118' title='bbox 1055 1623 1124 1670; x_wconf 87' lang='lat' dir='ltr'><strong>nota</strong></span> 
     </span>
     <span class='ocr_line' id='line_1_17' title="bbox 81 1690 1122 1775; baseline 0.003 -22"><span class='ocrx_word' id='word_1_119' title='bbox 81 1690 85 1697; x_wconf 77' lang='grc'><strong>’</strong></span> <span class='ocrx_word' id='word_1_120' title='bbox 139 1706 194 1767; x_wconf 89' lang='lat' dir='ltr'><strong>est,</strong></span> <span class='ocrx_word' id='word_1_121' title='bbox 216 1706 246 1753; x_wconf 89' lang='lat' dir='ltr'><strong>et</strong></span> <span class='ocrx_word' id='word_1_122' title='bbox 263 1695 387 1754; x_wconf 86' lang='lat' dir='ltr'><strong>libenter</strong></span> <span class='ocrx_word' id='word_1_123' title='bbox 406 1717 468 1754; x_wconf 91' lang='lat' dir='ltr'><strong>cum</strong></span> <span class='ocrx_word' id='word_1_124' title='bbox 488 1696 601 1755; x_wconf 88' lang='lat' dir='ltr'><strong>erudito</strong></span> <span class='ocrx_word' id='word_1_125' title='bbox 619 1698 683 1755; x_wconf 80' lang='lat' dir='ltr'><strong>uiro</strong></span> <span class='ocrx_word' id='word_1_126' title='bbox 702 1697 795 1755; x_wconf 91' lang='lat' dir='ltr'><strong>habeo</strong></span> <span class='ocrx_word' id='word_1_127' title='bbox 814 1716 986 1756; x_wconf 87' lang='lat' dir='ltr'><strong>sermonem.</strong></span> <span class='ocrx_word' id='word_1_128' title='bbox 1010 1696 1122 1775; x_wconf 78' lang='lat' dir='ltr'><strong>Accipe</strong></span> 
     </span>
     <span class='ocr_line' id='line_1_18' title="bbox 139 1780 1124 1861; baseline 0.002 -22"><span class='ocrx_word' id='word_1_129' title='bbox 139 1800 211 1858; x_wconf 86' lang='lat' dir='ltr'><strong>crgo</strong></span> <span class='ocrx_word' id='word_1_130' title='bbox 230 1780 267 1839; x_wconf 85' lang='lat' dir='ltr'><strong>ad</strong></span> <span class='ocrx_word' id='word_1_131' title='bbox 285 1800 319 1841; x_wconf 89' lang='lat' dir='ltr'><strong>ea</strong></span> <span class='ocrx_word' id='word_1_132' title='bbox 339 1800 412 1859; x_wconf 88' lang='lat' dir='ltr'><strong>quae</strong></span> <span class='ocrx_word' id='word_1_133' title='bbox 432 1781 539 1853; x_wconf 88' lang='lat' dir='ltr'><strong>dixisti,</strong></span> <span class='ocrx_word' id='word_1_134' title='bbox 561 1792 592 1841; x_wconf 91' lang='lat' dir='ltr'><strong>ut</strong></span> <span class='ocrx_word' id='word_1_135' title='bbox 610 1780 761 1843; x_wconf 83' lang='lat' dir='ltr'><strong>evidenter</strong></span> <span class='ocrx_word' id='word_1_136' title='bbox 778 1802 919 1860; x_wconf 84' lang='lat' dir='ltr'><strong>agnoscas</strong></span> <span class='ocrx_word' id='word_1_137' title='bbox 938 1784 1067 1861; x_wconf 86' lang='lat' dir='ltr'><strong>genesim</strong></span> <span class='ocrx_word' id='word_1_138' title='bbox 1086 1802 1124 1841; x_wconf 79' lang='lat' dir='ltr'><strong>er</strong></span> 
     </span>
     <span class='ocr_line' id='line_1_19' title="bbox 138 1864 1124 1947; baseline 0.001 -23"><span class='ocrx_word' id='word_1_139' title='bbox 138 1867 228 1927; x_wconf 91' lang='lat' dir='ltr'><strong>stellis</strong></span> <span class='ocrx_word' id='word_1_140' title='bbox 248 1868 362 1925; x_wconf 88' lang='lat' dir='ltr'><strong>omnino</strong></span> <span class='ocrx_word' id='word_1_141' title='bbox 381 1864 437 1925; x_wconf 89' lang='lat' dir='ltr'><strong>non</strong></span> <span class='ocrx_word' id='word_1_142' title='bbox 457 1886 533 1939; x_wconf 86' lang='lat' dir='ltr'><strong>esse,</strong></span> <span class='ocrx_word' id='word_1_143' title='bbox 555 1878 585 1925; x_wconf 91' lang='lat' dir='ltr'><strong>et</strong></span> <span class='ocrx_word' id='word_1_144' title='bbox 602 1868 668 1945; x_wconf 90' lang='lat' dir='ltr'><strong>quia</strong></span> <span class='ocrx_word' id='word_1_145' title='bbox 685 1868 823 1947; x_wconf 90' lang='lat' dir='ltr'><strong>possibile</strong></span> <span class='ocrx_word' id='word_1_146' title='bbox 846 1869 883 1927; x_wconf 84' lang='lat' dir='ltr'><strong>sit</strong></span> <span class='ocrx_word' id='word_1_147' title='bbox 900 1868 1001 1926; x_wconf 77' lang='lat' dir='ltr'><strong>obsisti</strong></span> <span class='ocrx_word' id='word_1_148' title='bbox 1019 1867 1124 1927; x_wconf 91' lang='lat' dir='ltr'><strong>adver·</strong></span> 
     </span>
     <span class='ocr_line' id='line_1_20' title="bbox 138 1952 1123 2053; baseline 0.003 -44"><span class='ocrx_word' id='word_1_149' title='bbox 138 1972 197 2009; x_wconf 93' lang='lat' dir='ltr'><strong>sum</strong></span> <span class='ocrx_word' id='word_1_150' title='bbox 216 1953 458 2050; x_wconf 81' lang='lat' dir='ltr'><strong>impugnationem</strong></span> <span class='ocrx_word' id='word_1_151' title='bbox 486 1952 652 2013; x_wconf 87' lang='lat' dir='ltr'><strong>deeruonum</strong></span> <span class='ocrx_word' id='word_1_152' title='bbox 681 1954 718 2012; x_wconf 87' lang='lat' dir='ltr'><strong>ab</strong></span> <span class='ocrx_word' id='word_1_153' title='bbox 746 1955 790 2011; x_wconf 93' lang='lat' dir='ltr'><strong>his</strong></span> <span class='ocrx_word' id='word_1_154' title='bbox 816 1955 863 2053; x_wconf 91' lang='lat' dir='ltr'><strong>qui</strong></span> <span class='ocrx_word' id='word_1_155' title='bbox 889 1955 1059 2031; x_wconf 84' lang='lat' dir='ltr'><strong>confugiunt</strong></span> <span class='ocrx_word' id='word_1_156' title='bbox 1086 1952 1123 2012; x_wconf 91' lang='lat' dir='ltr'><strong>ad</strong></span> 
     </span>
     <span class='ocr_line' id='line_1_21' title="bbox 138 2035 1123 2118; baseline 0.003 -24"><span class='ocrx_word' id='word_1_157' title='bbox 138 2035 231 2107; x_wconf 89' lang='lat' dir='ltr'><strong>deum,</strong></span> <span class='ocrx_word' id='word_1_158' title='bbox 254 2058 288 2095; x_wconf 85' lang='lat' dir='ltr'><strong>ac</strong></span> <span class='ocrx_word' id='word_1_159' title='bbox 306 2039 380 2097; x_wconf 89' lang='lat' dir='ltr'><strong>sicut</strong></span> <span class='ocrx_word' id='word_1_160' title='bbox 397 2038 540 2118; x_wconf 86' lang='lat' dir='ltr'><strong>praedixi,</strong></span> <span class='ocrx_word' id='word_1_161' title='bbox 561 2058 617 2097; x_wconf 93' lang='lat' dir='ltr'><strong>non</strong></span> <span class='ocrx_word' id='word_1_162' title='bbox 637 2039 727 2099; x_wconf 90' lang='lat' dir='ltr'><strong>solnm</strong></span> <span class='ocrx_word' id='word_1_163' title='bbox 745 2040 946 2118; x_wconf 86' lang='lat' dir='ltr'><strong>pertimerem</strong></span> <span class='ocrx_word' id='word_1_164' title='bbox 971 2038 1018 2099; x_wconf 90' lang='lat' dir='ltr'><strong>dci</strong></span> <span class='ocrx_word' id='word_1_165' title='bbox 1040 2050 1123 2097; x_wconf 88' lang='lat' dir='ltr'><strong>natu-</strong></span> 
     </span>
     <span class='ocr_line' id='line_1_22' title="bbox 137 2122 1185 2213; baseline 0.003 -33"><span class='ocrx_word' id='word_1_166' title='bbox 137 2122 213 2181; x_wconf 85' lang='lat' dir='ltr'><strong>rales</strong></span> <span class='ocrx_word' id='word_1_167' title='bbox 233 2123 363 2182; x_wconf 91' lang='lat' dir='ltr'><strong>cohiberi</strong></span> <span class='ocrx_word' id='word_1_168' title='bbox 382 2126 634 2204; x_wconf 86' lang='lat' dir='ltr'><strong>concupiscentias</strong></span> <span class='ocrx_word' id='word_1_169' title='bbox 652 2144 756 2213; x_wconf 81' lang='lat' dir='ltr'><strong>posse,</strong></span> <span class='ocrx_word' id='word_1_170' title='bbox 776 2124 829 2183; x_wconf 93' lang='lat' dir='ltr'><strong>sed</strong></span> <span class='ocrx_word' id='word_1_171' title='bbox 855 2136 886 2183; x_wconf 90' lang='lat' dir='ltr'><strong>ct</strong></span> <span class='ocrx_word' id='word_1_172' title='bbox 911 2144 965 2205; x_wconf 93' lang='lat' dir='ltr'><strong>per</strong></span> <span class='ocrx_word' id='word_1_173' title='bbox 991 2126 1122 2183; x_wconf 89' lang='lat' dir='ltr'><strong>timorem</strong></span> <span class='ocrx_word' id='word_1_174' title='bbox 1181 2122 1185 2125; x_wconf 68' lang='grc'><strong>’</strong></span> 
     </span>
     <span class='ocr_line' id='line_1_23' title="bbox 137 2202 835 2269; baseline 0.001 -2"><span class='ocrx_word' id='word_1_175' title='bbox 137 2209 281 2268; x_wconf 87' lang='lat' dir='ltr'><strong>hominurn</strong></span> <span class='ocrx_word' id='word_1_176' title='bbox 301 2211 374 2268; x_wconf 90' lang='lat' dir='ltr'><strong>sicut</strong></span> <span class='ocrx_word' id='word_1_177' title='bbox 392 2213 449 2269; x_wconf 89' lang='lat' dir='ltr'><strong>iam</strong></span> <span class='ocrx_word' id='word_1_178' title='bbox 466 2230 539 2269; x_wconf 91' lang='lat' dir='ltr'><strong>nunc</strong></span> <span class='ocrx_word' id='word_1_179' title='bbox 560 2202 756 2269; x_wconf 88' lang='lat' dir='ltr'><strong>edocebimus.</strong></span> <span class='ocrx_word' id='word_1_180' title='bbox 832 2236 835 2241; x_wconf 60' lang='lat'><strong><em>¹</em></strong></span> 
     </span>
    </p>
   </div>
   <div class='ocr_carea' id='block_1_6' title="bbox 105 2327 1136 3604">
    <p class='ocr_par' dir='ltr' id='par_1_6' title="bbox 105 2327 1136 3604">
     <span class='ocr_line' id='line_1_24' title="bbox 182 2327 1121 2408; baseline -0.001 -20"><span class='ocrx_word' id='word_1_181' title='bbox 182 2327 235 2388; x_wconf 79' lang='lat'><strong>19.</strong></span> <span class='ocrx_word' id='word_1_182' title='bbox 282 2328 380 2406; x_wconf 91' lang='lat' dir='ltr'><strong>Leges</strong></span> <span class='ocrx_word' id='word_1_183' title='bbox 399 2332 489 2387; x_wconf 93' lang='lat' dir='ltr'><strong>sunt</strong></span> <span class='ocrx_word' id='word_1_184' title='bbox 482 2350 509 2387; x_wconf 90' lang='grc' dir='ltr'><strong>ιιι</strong></span> <span class='ocrx_word' id='word_1_185' title='bbox 528 2349 697 2408; x_wconf 88' lang='lat' dir='ltr'><strong>unaquaque</strong></span> <span class='ocrx_word' id='word_1_186' title='bbox 716 2330 838 2406; x_wconf 91' lang='lat' dir='ltr'><strong>regione</strong></span> <span class='ocrx_word' id='word_1_187' title='bbox 857 2329 902 2388; x_wconf 84' lang='lat' dir='ltr'><strong>vel</strong></span> <span class='ocrx_word' id='word_1_188' title='bbox 921 2328 1121 2407; x_wconf 84' lang='lat' dir='ltr'><strong>regnoahho-</strong></span> 
     </span>
     <span class='ocr_line' id='line_1_25' title="bbox 137 2409 1121 2494; baseline 0.004 -23"><span class='ocrx_word' id='word_1_189' title='bbox 137 2415 257 2474; x_wconf 88' lang='lat' dir='ltr'><strong>minibus</strong></span> <span class='ocrx_word' id='word_1_190' title='bbox 275 2416 398 2491; x_wconf 89' lang='lat' dir='ltr'><strong>positae,</strong></span> <span class='ocrx_word' id='word_1_191' title='bbox 420 2415 479 2484; x_wconf 87' lang='lat' dir='ltr'><strong>sive</strong></span> <span class='ocrx_word' id='word_1_192' title='bbox 499 2409 640 2493; x_wconf 85' lang='lat' dir='ltr'><strong>scriptura</strong></span> <span class='ocrx_word' id='word_1_193' title='bbox 654 2414 715 2472; x_wconf 82' lang='lat' dir='ltr'><strong>sive</strong></span> <span class='ocrx_word' id='word_1_194' title='bbox 726 2415 811 2472; x_wconf 91' lang='lat' dir='ltr'><strong>etiam</strong></span> <span class='ocrx_word' id='word_1_195' title='bbox 822 2434 873 2472; x_wconf 92' lang='lat' dir='ltr'><strong>usu</strong></span> <span class='ocrx_word' id='word_1_196' title='bbox 884 2413 1031 2486; x_wconf 88' lang='lat' dir='ltr'><strong>durantes,</strong></span> <span class='ocrx_word' id='word_1_197' title='bbox 1052 2435 1121 2494; x_wconf 82' lang='lat' dir='ltr'><strong>quas</strong></span> 
     </span>
     <span class='ocr_line' id='line_1_26' title="bbox 136 2497 1123 2578; baseline -0.001 -20"><span class='ocrx_word' id='word_1_198' title='bbox 136 2519 220 2558; x_wconf 90' lang='lat' dir='ltr'><strong>nemo</strong></span> <span class='ocrx_word' id='word_1_199' title='bbox 240 2499 325 2556; x_wconf 83' lang='lat' dir='ltr'><strong>facile</strong></span> <span class='ocrx_word' id='word_1_200' title='bbox 345 2497 566 2576; x_wconf 84' lang='lat' dir='ltr'><strong>transgreditur.</strong></span> <span class='ocrx_word' id='word_1_201' title='bbox 612 2498 743 2576; x_wconf 89' lang='lat' dir='ltr'><strong>Denique</strong></span> <span class='ocrx_word' id='word_1_202' title='bbox 761 2499 844 2578; x_wconf 93' lang='lat' dir='ltr'><strong>primi</strong></span> <span class='ocrx_word' id='word_1_203' title='bbox 864 2497 963 2570; x_wconf 88' lang='lat' dir='ltr'><strong>Seres,</strong></span> <span class='ocrx_word' id='word_1_204' title='bbox 994 2502 1041 2578; x_wconf 90' lang='lat' dir='ltr'><strong>qui</strong></span> <span class='ocrx_word' id='word_1_205' title='bbox 1067 2501 1123 2557; x_wconf 87' lang='lat' dir='ltr'><strong>ini-&#39;</strong></span> 
     </span>
     <span class='ocr_line' id='line_1_27' title="bbox 105 2583 1122 2663; baseline -0.002 -18"><span class='ocrx_word' id='word_1_206' title='bbox 105 2639 110 2646; x_wconf 84' lang='grc'><em>.</em></span> <span class='ocrx_word' id='word_1_207' title='bbox 136 2587 178 2642; x_wconf 89' lang='lat' dir='ltr'><strong>tio</strong></span> <span class='ocrx_word' id='word_1_208' title='bbox 199 2583 276 2640; x_wconf 91' lang='lat' dir='ltr'><strong>orbis</strong></span> <span class='ocrx_word' id='word_1_209' title='bbox 295 2594 391 2641; x_wconf 90' lang='lat' dir='ltr'><strong>terrae</strong></span> <span class='ocrx_word' id='word_1_210' title='bbox 410 2583 548 2656; x_wconf 88' lang='lat' dir='ltr'><strong>habitant,</strong></span> <span class='ocrx_word' id='word_1_211' title='bbox 570 2584 664 2662; x_wconf 89' lang='lat' dir='ltr'><strong>legem</strong></span> <span class='ocrx_word' id='word_1_212' title='bbox 687 2583 793 2643; x_wconf 90' lang='lat' dir='ltr'><strong>bahent</strong></span> <span class='ocrx_word' id='word_1_213' title='bbox 818 2604 912 2663; x_wconf 90' lang='lat' dir='ltr'><strong>neque</strong></span> <span class='ocrx_word' id='word_1_214' title='bbox 939 2584 1122 2644; x_wconf 89' lang='lat' dir='ltr'><strong>homicidium</strong></span> 
     </span>
     <span class='ocr_line' id='line_1_28' title="bbox 137 2667 1121 2748; baseline 0.002 -22"><span class='ocrx_word' id='word_1_215' title='bbox 137 2687 230 2747; x_wconf 89' lang='lat' dir='ltr'><strong>neque</strong></span> <span class='ocrx_word' id='word_1_216' title='bbox 250 2667 418 2727; x_wconf 89' lang='lat' dir='ltr'><strong>adulterium</strong></span> <span class='ocrx_word' id='word_1_217' title='bbox 438 2689 530 2748; x_wconf 84' lang='lat' dir='ltr'><strong>neque</strong></span> <span class='ocrx_word' id='word_1_218' title='bbox 550 2681 675 2730; x_wconf 90' lang='lat' dir='ltr'><strong>scortum</strong></span> <span class='ocrx_word' id='word_1_219' title='bbox 694 2691 791 2743; x_wconf 91' lang='lat' dir='ltr'><strong>nosse,</strong></span> <span class='ocrx_word' id='word_1_220' title='bbox 811 2690 904 2748; x_wconf 90' lang='lat' dir='ltr'><strong>neque</strong></span> <span class='ocrx_word' id='word_1_221' title='bbox 923 2672 1027 2728; x_wconf 85' lang='lat' dir='ltr'><strong>furtum</strong></span> <span class='ocrx_word' id='word_1_222' title='bbox 1043 2691 1121 2729; x_wconf 86' lang='lat' dir='ltr'><strong>corn-</strong></span> 
     </span>
     <span class='ocr_line' id='line_1_29' title="bbox 136 2754 1120 2840; baseline 0.003 -28"><span class='ocrx_word' id='word_1_223' title='bbox 136 2754 262 2824; x_wconf 88' lang='lat' dir='ltr'><strong>mittere,</strong></span> <span class='ocrx_word' id='word_1_224' title='bbox 284 2773 377 2832; x_wconf 90' lang='lat' dir='ltr'><strong>neque</strong></span> <span class='ocrx_word' id='word_1_225' title='bbox 397 2754 473 2814; x_wconf 92' lang='lat' dir='ltr'><strong>idola</strong></span> <span class='ocrx_word' id='word_1_226' title='bbox 490 2757 639 2828; x_wconf 60' lang='lat' dir='ltr'><strong>srenerari,</strong></span> <span class='ocrx_word' id='word_1_227' title='bbox 652 2767 687 2840; x_wconf 30' lang='lat' dir='ltr'><strong>‘et</strong></span> <span class='ocrx_word' id='word_1_228' title='bbox 705 2757 733 2813; x_wconf 90' lang='lat' dir='ltr'><strong>in</strong></span> <span class='ocrx_word' id='word_1_229' title='bbox 752 2757 800 2816; x_wconf 91' lang='lat' dir='ltr'><strong>illa</strong></span> <span class='ocrx_word' id='word_1_230' title='bbox 819 2757 894 2814; x_wconf 91' lang='lat' dir='ltr'><strong>omni</strong></span> <span class='ocrx_word' id='word_1_231' title='bbox 913 2758 1034 2834; x_wconf 88' lang='lat' dir='ltr'><strong>regione</strong></span> <span class='ocrx_word' id='word_1_232' title='bbox 1046 2776 1120 2836; x_wconf 90' lang='lat' dir='ltr'><strong>quae</strong></span> 
     </span>
     <span class='ocr_line' id='line_1_30' title="bbox 137 2841 1121 2921; baseline 0.003 -23"><span class='ocrx_word' id='word_1_233' title='bbox 137 2850 181 2898; x_wconf 88' lang='lat' dir='ltr'><strong>cst</strong></span> <span class='ocrx_word' id='word_1_234' title='bbox 199 2841 334 2911; x_wconf 77' lang='lat' dir='ltr'><strong>unanima,</strong></span> <span class='ocrx_word' id='word_1_235' title='bbox 365 2859 457 2920; x_wconf 91' lang='lat' dir='ltr'><strong>neque</strong></span> <span class='ocrx_word' id='word_1_236' title='bbox 486 2842 617 2920; x_wconf 87' lang='lat' dir='ltr'><strong>templum</strong></span> <span class='ocrx_word' id='word_1_237' title='bbox 645 2843 789 2901; x_wconf 87' lang='lat' dir='ltr'><strong>invenitur</strong></span> <span class='ocrx_word' id='word_1_238' title='bbox 815 2862 908 2921; x_wconf 90' lang='lat' dir='ltr'><strong>neque</strong></span> <span class='ocrx_word' id='word_1_239' title='bbox 940 2843 1121 2901; x_wconf 89' lang='lat' dir='ltr'><strong>simulacrum</strong></span> 
     </span>
     <span class='ocr_line' id='line_1_31' title="bbox 136 2926 1120 3006; baseline 0.003 -23"><span class='ocrx_word' id='word_1_240' title='bbox 136 2944 229 3006; x_wconf 91' lang='lat' dir='ltr'><strong>neque</strong></span> <span class='ocrx_word' id='word_1_241' title='bbox 249 2926 387 2983; x_wconf 85' lang='lat' dir='ltr'><strong>meretrix</strong></span> <span class='ocrx_word' id='word_1_242' title='bbox 404 2947 498 3006; x_wconf 87' lang='lat' dir='ltr'><strong>neque</strong></span> <span class='ocrx_word' id='word_1_243' title='bbox 518 2927 659 2999; x_wconf 88' lang='lat' dir='ltr'><strong>adultera,</strong></span> <span class='ocrx_word' id='word_1_244' title='bbox 680 2948 774 3006; x_wconf 89' lang='lat' dir='ltr'><strong>neque</strong></span> <span class='ocrx_word' id='word_1_245' title='bbox 792 2929 838 2986; x_wconf 87' lang='lat' dir='ltr'><strong>fur</strong></span> <span class='ocrx_word' id='word_1_246' title='bbox 856 2926 892 2985; x_wconf 87' lang='lat' dir='ltr'><strong>ad</strong></span> <span class='ocrx_word' id='word_1_247' title='bbox 911 2927 1045 2986; x_wconf 90' lang='lat' dir='ltr'><strong>iudicium</strong></span> <span class='ocrx_word' id='word_1_248' title='bbox 1069 2926 1120 2986; x_wconf 91' lang='lat' dir='ltr'><strong>de-</strong></span> 
     </span>
     <span class='ocr_line' id='line_1_32' title="bbox 137 3009 1121 3090; baseline 0.002 -22"><span class='ocrx_word' id='word_1_249' title='bbox 137 3009 260 3082; x_wconf 91' lang='lat' dir='ltr'><strong>ducitur,</strong></span> <span class='ocrx_word' id='word_1_250' title='bbox 281 3009 334 3068; x_wconf 91' lang='lat' dir='ltr'><strong>sed</strong></span> <span class='ocrx_word' id='word_1_251' title='bbox 352 3031 444 3090; x_wconf 89' lang='lat' dir='ltr'><strong>neque</strong></span> <span class='ocrx_word' id='word_1_252' title='bbox 465 3011 577 3070; x_wconf 90' lang='lat' dir='ltr'><strong>occisus</strong></span> <span class='ocrx_word' id='word_1_253' title='bbox 596 3012 636 3069; x_wconf 91' lang='lat' dir='ltr'><strong>ihi</strong></span> <span class='ocrx_word' id='word_1_254' title='bbox 666 3011 751 3070; x_wconf 94' lang='lat' dir='ltr'><strong>homo</strong></span> <span class='ocrx_word' id='word_1_255' title='bbox 778 3014 871 3070; x_wconf 86' lang='lat' dir='ltr'><strong>fertur</strong></span> <span class='ocrx_word' id='word_1_256' title='bbox 897 3011 1060 3088; x_wconf 89' lang='lat' dir='ltr'><strong>aliquando,</strong></span> <span class='ocrx_word' id='word_1_257' title='bbox 1091 3023 1121 3070; x_wconf 92' lang='lat' dir='ltr'><strong>et</strong></span> 
     </span>
     <span class='ocr_line' id='line_1_33' title="bbox 136 3090 1120 3174; baseline 0 -21"><span class='ocrx_word' id='word_1_258' title='bbox 136 3106 229 3154; x_wconf 89' lang='lat' dir='ltr'><strong>tamen</strong></span> <span class='ocrx_word' id='word_1_259' title='bbox 249 3097 349 3154; x_wconf 93' lang='lat' dir='ltr'><strong>nullius</strong></span> <span class='ocrx_word' id='word_1_260' title='bbox 368 3096 486 3156; x_wconf 89' lang='lat' dir='ltr'><strong>libertas</strong></span> <span class='ocrx_word' id='word_1_261' title='bbox 504 3096 615 3154; x_wconf 90' lang='lat' dir='ltr'><strong>arbitrii</strong></span> <span class='ocrx_word' id='word_1_262' title='bbox 635 3097 779 3174; x_wconf 89' lang='lat' dir='ltr'><strong>compulsa</strong></span> <span class='ocrx_word' id='word_1_263' title='bbox 798 3107 843 3153; x_wconf 91' lang='lat' dir='ltr'><strong>est</strong></span> <span class='ocrx_word' id='word_1_264' title='bbox 861 3090 1015 3153; x_wconf 90' lang='lat' dir='ltr'><strong>secundum</strong></span> <span class='ocrx_word' id='word_1_265' title='bbox 1033 3117 1085 3154; x_wconf 89' lang='lat' dir='ltr'><strong>vos</strong></span> <span class='ocrx_word' id='word_1_266' title='bbox 1102 3117 1120 3153; x_wconf 87' lang='lat' dir='ltr'><strong>a</strong></span> 
     </span>
     <span class='ocr_line' id='line_1_34' title="bbox 137 3179 1116 3258; baseline -0.002 -19"><span class='ocrx_word' id='word_1_267' title='bbox 137 3181 218 3239; x_wconf 88' lang='lat' dir='ltr'><strong>stella</strong></span> <span class='ocrx_word' id='word_1_268' title='bbox 236 3181 336 3240; x_wconf 89' lang='lat' dir='ltr'><strong>Martis</strong></span> <span class='ocrx_word' id='word_1_269' title='bbox 355 3182 455 3258; x_wconf 88' lang='lat' dir='ltr'><strong>ignita,</strong></span> <span class='ocrx_word' id='word_1_270' title='bbox 484 3192 515 3238; x_wconf 91' lang='lat' dir='ltr'><strong>ut</strong></span> <span class='ocrx_word' id='word_1_271' title='bbox 542 3182 620 3239; x_wconf 82' lang='lat' dir='ltr'><strong>ferro</strong></span> <span class='ocrx_word' id='word_1_272' title='bbox 649 3192 778 3240; x_wconf 85' lang='lat' dir='ltr'><strong>uteretur</strong></span> <span class='ocrx_word' id='word_1_273' title='bbox 805 3179 841 3238; x_wconf 88' lang='lat' dir='ltr'><strong>ad</strong></span> <span class='ocrx_word' id='word_1_274' title='bbox 864 3180 985 3255; x_wconf 85' lang='lat' dir='ltr'><strong>hominis</strong></span> <span class='ocrx_word' id='word_1_275' title='bbox 1004 3200 1116 3252; x_wconf 90' lang='lat' dir='ltr'><strong>necem,</strong></span> 
     </span>
     <span class='ocr_line' id='line_1_35' title="bbox 137 3266 1120 3345; baseline 0 -21"><span class='ocrx_word' id='word_1_276' title='bbox 137 3281 190 3324; x_wconf 90' lang='lat' dir='ltr'><strong>nec</strong></span> <span class='ocrx_word' id='word_1_277' title='bbox 211 3266 236 3324; x_wconf 84' lang='lat' dir='ltr'>V</span> <span class='ocrx_word' id='word_1_278' title='bbox 238 3286 309 3324; x_wconf 89' lang='lat' dir='ltr'><strong>enus</strong></span> <span class='ocrx_word' id='word_1_279' title='bbox 328 3285 391 3325; x_wconf 90' lang='lat' dir='ltr'><strong>cum</strong></span> <span class='ocrx_word' id='word_1_280' title='bbox 409 3266 501 3324; x_wconf 89' lang='lat' dir='ltr'><strong>Marte</strong></span> <span class='ocrx_word' id='word_1_281' title='bbox 520 3267 612 3345; x_wconf 89' lang='lat' dir='ltr'><strong>posita</strong></span> <span class='ocrx_word' id='word_1_282' title='bbox 631 3267 753 3325; x_wconf 87' lang='lat' dir='ltr'><strong>alienum</strong></span> <span class='ocrx_word' id='word_1_283' title='bbox 771 3266 978 3324; x_wconf 88' lang='lat' dir='ltr'><strong>matrimonium</strong></span> <span class='ocrx_word' id='word_1_284' title='bbox 1002 3285 1120 3344; x_wconf 90' lang='lat' dir='ltr'><strong>compu-</strong></span> 
     </span>
     <span class='ocr_line' id='line_1_36' title="bbox 135 3349 1120 3430; baseline -0.001 -21"><span class='ocrx_word' id='word_1_285' title='bbox 135 3351 167 3409; x_wconf 91' lang='lat' dir='ltr'><strong>lit</strong></span> <span class='ocrx_word' id='word_1_286' title='bbox 187 3353 291 3423; x_wconf 88' lang='lat' dir='ltr'><strong>vitiari,</strong></span> <span class='ocrx_word' id='word_1_287' title='bbox 314 3371 375 3410; x_wconf 88' lang='lat' dir='ltr'><strong>cunr</strong></span> <span class='ocrx_word' id='word_1_288' title='bbox 395 3353 490 3430; x_wconf 89' lang='lat' dir='ltr'><strong>utique</strong></span> <span class='ocrx_word' id='word_1_289' title='bbox 510 3351 585 3430; x_wconf 91' lang='lat' dir='ltr'><strong>apud</strong></span> <span class='ocrx_word' id='word_1_290' title='bbox 605 3371 655 3410; x_wconf 90' lang='lat' dir='ltr'><strong>eos</strong></span> <span class='ocrx_word' id='word_1_291' title='bbox 674 3372 727 3430; x_wconf 91' lang='lat' dir='ltr'><strong>per</strong></span> <span class='ocrx_word' id='word_1_292' title='bbox 745 3351 872 3429; x_wconf 88' lang='lat' dir='ltr'><strong>singulos</strong></span> <span class='ocrx_word' id='word_1_293' title='bbox 892 3349 1041 3409; x_wconf 85' lang='lat' dir='ltr'><strong>dieslllars</strong></span> <span class='ocrx_word' id='word_1_294' title='bbox 1059 3371 1120 3409; x_wconf 91' lang='lat' dir='ltr'><strong>me-</strong></span> 
     </span>
     <span class='ocr_line' id='line_1_37' title="bbox 137 3435 1136 3516; baseline 0.001 -22"><span class='ocrx_word' id='word_1_295' title='bbox 137 3435 211 3496; x_wconf 92' lang='lat' dir='ltr'><strong>dium</strong></span> <span class='ocrx_word' id='word_1_296' title='bbox 239 3437 314 3495; x_wconf 90' lang='lat' dir='ltr'><strong>coeli</strong></span> <span class='ocrx_word' id='word_1_297' title='bbox 343 3437 477 3495; x_wconf 88' lang='lat' dir='ltr'><strong>circulum</strong></span> <span class='ocrx_word' id='word_1_298' title='bbox 505 3448 614 3498; x_wconf 86' lang='lat' dir='ltr'><strong>teneat.</strong></span> <span class='ocrx_word' id='word_1_299' title='bbox 663 3437 722 3496; x_wconf 90' lang='lat' dir='ltr'><strong>Sed</strong></span> <span class='ocrx_word' id='word_1_300' title='bbox 746 3447 790 3496; x_wconf 89' lang='lat' dir='ltr'><strong>est</strong></span> <span class='ocrx_word' id='word_1_301' title='bbox 816 3436 890 3516; x_wconf 90' lang='lat' dir='ltr'><strong>apud</strong></span> <span class='ocrx_word' id='word_1_302' title='bbox 909 3435 997 3497; x_wconf 88' lang='lat' dir='ltr'><strong>Seres</strong></span> <span class='ocrx_word' id='word_1_303' title='bbox 1024 3438 1136 3514; x_wconf 90' lang='lat' dir='ltr'><strong>legum</strong></span> 
     </span>
     <span class='ocr_line' id='line_1_38' title="bbox 136 3521 890 3604; baseline 0.003 -24"><span class='ocrx_word' id='word_1_304' title='bbox 136 3534 227 3581; x_wconf 89' lang='lat' dir='ltr'><strong>metus</strong></span> <span class='ocrx_word' id='word_1_305' title='bbox 244 3521 443 3581; x_wconf 84' lang='lat' dir='ltr'><strong>vehementior</strong></span> <span class='ocrx_word' id='word_1_306' title='bbox 462 3543 542 3602; x_wconf 87' lang='lat' dir='ltr'><strong>quarn</strong></span> <span class='ocrx_word' id='word_1_307' title='bbox 562 3523 678 3604; x_wconf 82' lang='lat' dir='ltr'><strong>genesis</strong></span> <span class='ocrx_word' id='word_1_308' title='bbox 698 3523 890 3582; x_wconf 81' lang='lat' dir='ltr'><strong>constellatio.</strong></span> 
     </span>
    </p>
   </div>
   <div class='ocr_carea' id='block_1_7' title="bbox 135 3623 1124 3896">
    <p class='ocr_par' dir='ltr' id='par_1_7' title="bbox 135 3623 1119 3874">
     <span class='ocr_line' id='line_1_39' title="bbox 177 3623 1119 3725; baseline 0 -43"><span class='ocrx_word' id='word_1_309' title='bbox 177 3623 232 3682; x_wconf 71' lang='lat'><strong>20.</strong></span> <span class='ocrx_word' id='word_1_310' title='bbox 281 3625 352 3683; x_wconf 92' lang='lat' dir='ltr'><strong>Sunt</strong></span> <span class='ocrx_word' id='word_1_311' title='bbox 370 3626 466 3684; x_wconf 89' lang='lat' dir='ltr'><strong>similit</strong></span> <span class='ocrx_word' id='word_1_312' title='bbox 455 3636 501 3683; x_wconf 89' lang='lat' dir='ltr'><strong>ter</strong></span> <span class='ocrx_word' id='word_1_313' title='bbox 519 3636 548 3683; x_wconf 87' lang='lat' dir='ltr'><strong>et</strong></span> <span class='ocrx_word' id='word_1_314' title='bbox 570 3623 645 3702; x_wconf 91' lang='lat' dir='ltr'><strong>apud</strong></span> <span class='ocrx_word' id='word_1_315' title='bbox 664 3625 812 3683; x_wconf 84' lang='lat' dir='ltr'><strong>Bactros</strong></span> <span class='ocrx_word' id='word_1_316' title='bbox 804 3647 832 3683; x_wconf 91' lang='grc' dir='ltr'><strong>ιιι</strong></span> <span class='ocrx_word' id='word_1_317' title='bbox 848 3625 1018 3725; x_wconf 78' lang='lat' dir='ltr'><strong>regionibus</strong></span> <span class='ocrx_word' id='word_1_318' title='bbox 1033 3623 1119 3682; x_wconf 92' lang='lat' dir='ltr'><strong>Indo·</strong></span> 
     </span>
     <span class='ocr_line' id='line_1_40' title="bbox 135 3709 1119 3789; baseline 0 -21"><span class='ocrx_word' id='word_1_319' title='bbox 135 3730 195 3768; x_wconf 90' lang='lat' dir='ltr'><strong>rum</strong></span> <span class='ocrx_word' id='word_1_320' title='bbox 206 3711 360 3770; x_wconf 86' lang='lat' dir='ltr'><strong>immensae</strong></span> <span class='ocrx_word' id='word_1_321' title='bbox 371 3709 563 3768; x_wconf 91' lang='lat' dir='ltr'><strong>multitudines</strong></span> <span class='ocrx_word' id='word_1_322' title='bbox 574 3709 809 3787; x_wconf 88' lang='lat' dir='ltr'><strong>Bragmanornm,</strong></span> <span class='ocrx_word' id='word_1_323' title='bbox 830 3713 877 3789; x_wconf 91' lang='lat' dir='ltr'><strong>qni</strong></span> <span class='ocrx_word' id='word_1_324' title='bbox 896 3722 926 3769; x_wconf 91' lang='lat' dir='ltr'><strong>et</strong></span> <span class='ocrx_word' id='word_1_325' title='bbox 943 3710 997 3788; x_wconf 91' lang='lat' dir='ltr'><strong>ipsi</strong></span> <span class='ocrx_word' id='word_1_326' title='bbox 1007 3729 1045 3768; x_wconf 81' lang='lat' dir='ltr'><strong>ex</strong></span> <span class='ocrx_word' id='word_1_327' title='bbox 1058 3720 1119 3768; x_wconf 89' lang='lat' dir='ltr'><strong>tra·</strong></span> 
     </span>
     <span class='ocr_line' id='line_1_41' title="bbox 136 3783 1124 3896; baseline -0.001 -43"><span class='ocrx_word' id='word_1_328' title='bbox 136 3783 244 3854; x_wconf 85' lang='lat' dir='ltr'><strong>ditione</strong></span> <span class='ocrx_word' id='word_1_329' title='bbox 255 3797 403 3868; x_wconf 90' lang='lat' dir='ltr'><strong>maiorum,</strong></span> <span class='ocrx_word' id='word_1_330' title='bbox 424 3797 549 3856; x_wconf 90' lang='lat' dir='ltr'><strong>moribus</strong></span> <span class='ocrx_word' id='word_1_331' title='bbox 559 3795 727 3896; x_wconf 89' lang='lat' dir='ltr'><strong>legibusque</strong></span> <span class='ocrx_word' id='word_1_332' title='bbox 739 3794 940 3866; x_wconf 90' lang='lat' dir='ltr'><strong>concordibus,</strong></span> <span class='ocrx_word' id='word_1_333' title='bbox 961 3794 1124 3873; x_wconf 87' lang='lat' dir='ltr'><strong>nequeho·</strong></span> 
     </span>
    </p>
   </div>
   <div class='ocr_carea' id='block_1_8' title="bbox 135 3879 1118 4027">
    <p class='ocr_par' dir='ltr' id='par_1_8' title="bbox 135 3879 1118 4027">
     <span class='ocr_line' id='line_1_42' title="bbox 135 3879 1118 3969; baseline 0.001 -30"><span class='ocrx_word' id='word_1_334' title='bbox 135 3879 560 3962; x_wconf 87' lang='lat' dir='ltr'><strong>micidiumnequeadultcrium</strong></span> <span class='ocrx_word' id='word_1_335' title='bbox 580 3882 769 3956; x_wconf 88' lang='lat' dir='ltr'><strong>committunt,</strong></span> <span class='ocrx_word' id='word_1_336' title='bbox 789 3901 882 3961; x_wconf 89' lang='lat' dir='ltr'><strong>neque</strong></span> <span class='ocrx_word' id='word_1_337' title='bbox 902 3881 1054 3969; x_wconf 87' lang='lat' dir='ltr'><strong>simulacra</strong></span> <span class='ocrx_word' id='word_1_338' title='bbox 1067 3899 1118 3940; x_wconf 92' lang='lat' dir='ltr'><strong>co·</strong></span> 
     </span>
     <span class='ocr_line' id='line_1_43' title="bbox 839 3969 904 4027; baseline -0.015 0"><span class='ocrx_word' id='word_1_339' title='bbox 839 3969 880 4027; x_wconf 83' lang='lat'><strong>14</strong></span> <span class='ocrx_word' id='word_1_340' title='bbox 896 3969 904 3988; x_wconf 73' lang='lat'><em>⁶</em></span> 
     </span>
    </p>
   </div>
   <div class='ocr_carea' id='block_1_9' title="bbox 0 0 1322 4400">
    <p class='ocr_par' dir='ltr' id='par_1_9' title="bbox 0 0 1322 4400">
     <span class='ocr_line' id='line_1_44' title="bbox 0 0 1322 4400; baseline 0 0"><span class='ocrx_word' id='word_1_341' title='bbox 0 0 1322 4400; x_wconf 95' lang='lat' dir='ltr'><strong> </strong></span> 
     </span>
    </p>
   </div>
  </div>
 </body>
</html>
