2634 4400
575 293 643 365 195

113 503 239 579 languor
264 498 425 572 advenerit,
456 510 485 561 et
513 498 588 579 qnod
615 499 688 561 baec
715 500 751 559 ab
769 500 852 561 initio
869 502 958 568 inerit
975 500 1100 566 vindicta

113 584 276 668 parricidii.

157 670 215 731 48.
260 669 334 731 Naar
353 670 388 731 ab
408 672 521 749 origine
539 669 635 731 mundi
663 671 732 731 nibil
759 672 860 733 borum
885 674 955 745 ruit,
984 671 1035 733 sed
1063 692 1100 735 ex

115 758 265 836 impietate
283 756 426 817 bominum
445 758 554 816 initium
573 756 647 815 maia
665 758 722 816 ista
739 776 879 830 sumsere,
900 769 931 817 et
948 756 1099 819 indesem·

114 862 171 922 per
189 841 386 901 crescentibus
405 841 601 921 iniquitatibus
620 843 806 903 etmalorum
833 863 967 903 numerus
994 845 1097 903 erosit.

115 926 177 987 Sed
195 925 305 987 ideireo
325 925 420 987 divina
437 926 620 1006 providentia
636 925 772 988 iudicium
790 948 861 1013 erga
879 930 1099 1000 omnesstutuit,

115 1013 183 1093 quia
201 1030 338 1092 praesens
357 1012 501 1071 saeculum
521 1033 577 1072 uon
597 1024 660 1073 erat
677 1014 786 1083 tede,
778 1034 806 1071 rn
834 1034 890 1093 quo
908 1015 1099 1094 unusquisque

115 1099 207 1178 possit
223 1117 277 1196 pro
295 1098 405 1156 meritis
424 1096 595 1177 dispensari.
642 1097 710 1157 Non
727 1118 801 1177 ergo
820 1118 857 1159 ex
874 1100 933 1171 bis,
955 1118 1028 1179 qnae
1046 1118 1100 1177 pro

115 1183 246 1263 peccatis
262 1174 402 1241 bominum
413 1182 516 1243 mundo
527 1182 799 1255 accideruntnraiis,
820 1182 1100 1265 iiiaeonternpianda

115 1279 192 1339 sunt,
214 1286 287 1346 quae
305 1268 368 1327 ab
359 1269 442 1327 mitio
461 1287 523 1326 cunr
552 1268 645 1327 nullae
673 1269 738 1327 maii
766 1289 884 1329 caussae
911 1272 1097 1341 exsisterent,

115 1354 190 1419 bene
210 1364 240 1412 et
258 1352 389 1412 ordinate
409 1354 538 1413 instituta
555 1363 631 1411 sunt.
679 1352 810 1433 Denique
836 1354 873 1413 ad
894 1355 1029 1415 indicium
1048 1374 1100 1415 eo·

115 1460 176 1500 rum
196 1458 268 1517 quae
287 1438 323 1497 ab
341 1439 423 1499 initio
442 1439 536 1509 suere,
556 1439 1099 1518 inveniunturtnonnuliaegentesaiie·

115 1544 170 1585 nae
189 1524 224 1585 ab
244 1522 403 1585 huiusmodi
421 1524 513 1583 maiis.
543 1522 616 1583 Nanr
635 1522 726 1583 Seres
744 1525 811 1603 quie
829 1527 1027 1599 castevivunt,
1047 1545 1100 1587 ex·

115 1620 214 1692 pertes
233 1608 374 1667 habentur
392 1609 490 1669 borum
510 1610 645 1680 omnium,
666 1609 732 1689 quia
750 1628 843 1689 neque
854 1621 1099 1691 postconeeptunn

115 1694 189 1760 adiri
207 1694 282 1755 ultra
298 1692 375 1773 apud
402 1714 454 1755 eos
481 1696 615 1754 ieminam
641 1695 685 1754 fas
714 1704 769 1766 est,
799 1715 892 1787 neque
912 1716 974 1755 cnm
993 1718 1100 1776 purga·

114 1792 177 1853 tur3
206 1779 339 1841 carnibus
366 1778 405 1837 ibi
427 1778 576 1840 immundis
594 1798 678 1839 nemo
696 1781 835 1853 nescitur,
853 1782 997 1843 sacrificia
1015 1802 1099 1844 nemo

114 1862 206 1938 novit,
235 1862 390 1925 seeundum
417 1866 551 1925 iustitiam
579 1884 680 1925 omnes
705 1865 794 1925 sibi
786 1869 855 1945 ipsis
882 1866 992 1928 iudices
1015 1869 1097 1930 fiunt.

115 1951 231 2011 Idcirco
262 1951 352 2029 igitur
382 1970 475 2030 neque
504 1951 683 2029 castigantur
708 1951 771 2011 istis
796 1953 889 2031 plagis
915 1972 985 2035 quas
1011 1975 1100 2034 supra

115 2037 247 2107 diximus,
269 2046 299 2094 et
316 2036 461 2115 piurimunr
480 2038 620 2115 temporis
636 2038 666 2101 in
684 2038 743 2096 vita
756 2036 903 2110 donantes,
923 2039 1031 2119 absque
1049 2061 1099 2101 ne·

115 2120 261 2202 gritudine
280 2120 380 2182 finiunt
396 2124 493 2182 vitam.
539 2120 602 2183 Nos
620 2133 715 2183 autem
734 2124 843 2196 miseri,
863 2123 941 2185 vebat
958 2127 1022 2183 cuna
1036 2145 1099 2185 ser·

114 2209 250 2289 pentibus
266 2208 395 2286 pessimis
413 2207 591 2279 habitantes,
616 2229 679 2268 oum
702 2208 864 2273 bomindous
889 2208 956 2268 dieo
981 2211 1096 2288 iniquis,

113 2294 286 2376 perferimus
306 2295 469 2352 necessario
489 2312 551 2352 eum
571 2293 641 2370 ipsis
664 2292 858 2354 adflictionem
876 2294 977 2371 plagas
995 2297 1023 2353 in
1040 2295 1097 2358 boa

114 2377 232 2450 mundo,
252 2378 304 2440 sed
322 2398 402 2458 spem
424 2379 551 2457 gerimus
578 2396 616 2438 ex
643 2377 843 2438 consolatione
861 2378 1020 2440 futurorum
1045 2379 1098 2442 bo-

114 2483 228 2526 aornar.

118 2597 120 2604 ·
157 2548 212 2614 49.
259 2549 291 2610 Si
309 2560 430 2629 propter
447 2549 623 2628 iniquitates,
644 2549 736 2628 inquit
752 2567 855 2621 senex,
883 2550 1004 2610 aliorum
1032 2571 1098 2610 cru·

116 2638 228 2700 riantur
245 2636 330 2700 etiarn
349 2636 427 2708 iusti,
448 2635 575 2714 oportuit
593 2633 677 2696 deum
700 2645 832 2713 tanquam
859 2636 1036 2714 provisorem
1054 2638 1098 2699 io·

114 2716 186 2782 bere
206 2720 376 2792 bominibus,
396 2731 501 2780 utnon
520 2721 651 2783 facerent
669 2739 717 2792 ea,
737 2720 892 2800 exquibus
911 2741 1032 2784 necesse
1051 2743 1098 2784 es·

115 2818 161 2868 set
179 2826 242 2871 eum
260 2807 371 2867 iniustis
388 2803 487 2884 adfligi
506 2807 591 2868 etiam
610 2807 711 2879 iustos,
740 2816 790 2868 eut
805 2806 831 2866 si
848 2808 983 2868 facerent
1000 2827 1097 2869 emen·

113 2891 262 2952 dationem
289 2892 423 2970 aliquam,
452 2901 501 2952 ant
527 2892 756 2970 purificationem
782 2891 886 2952 mundo
913 2893 1095 2954 adhiberent.

114 2977 212 3046 lussit,
233 2977 323 3054 inquit
339 2975 460 3055 Aquilo,
489 2973 568 3037 Deus
594 2977 669 3036 baec
698 2988 729 3036 et
755 2976 835 3037 dedit
861 2990 1019 3057 praecepta
1045 2999 1098 3058 per

112 3060 281 3143 propbetas,
302 3059 443 3142 quomodo
461 3061 591 3122 bomines
609 3061 708 3120 vivere
726 3058 886 3134 deberent,
906 3061 958 3122 sed
976 3075 1007 3130 et
1024 3064 1098 3124 buee

114 3155 352 3216 contemserunt,
379 3146 436 3206 imo
455 3165 526 3207 vern
544 3156 575 3207 et
592 3165 644 3206 eos
661 3146 688 3206 si
706 3145 754 3226 qui
773 3147 849 3207 forte
868 3146 1025 3208 observare
1047 3167 1097 3206 ou-

115 3231 244 3312 piebant,
266 3229 387 3292 diversis
405 3231 516 3292 iniuriis
533 3230 721 3303 adflixerunt,
750 3229 844 3292 donee
871 3233 957 3293 etiam
983 3233 1098 3311 ipsese

116 3317 266 3397 preposite
285 3315 488 3380 observatione
507 3315 681 3388 deiicerent,
702 3327 733 3376 et
749 3315 787 3377 ad
804 3315 1015 3380 incredulitatis
1024 3318 1098 3379 nibi-

116 3403 236 3462 boninus
254 3412 403 3462 verterent
419 3402 529 3465 turbam
548 3401 659 3483 sibique
675 3403 785 3464 similes
803 3401 966 3464 efficerent.

157 3485 214 3550 50.
259 3485 421 3567 Propterea
440 3487 562 3567 denique
580 3488 616 3551 ab
632 3489 718 3549 initio
736 3506 801 3548 cum
818 3488 921 3550 fnisset
936 3490 1098 3560 conister-
1174 3463 1181 3468 ⁸

116 3593 149 3636 ra
166 3571 307 3634 maculata
325 3574 466 3652 montis,
487 3571 557 3634 deus
576 3573 709 3636 diluuium
736 3571 840 3634 mundo
866 3573 992 3646 induxit,
1022 3573 1098 3654 quod

115 3677 168 3718 vos
184 3656 237 3716 sub
254 3656 434 3721 Deucalione
453 3658 558 3722 iactum
577 3656 685 3730 dicitis,
704 3670 736 3718 et
752 3670 821 3720 tnnc
846 3680 931 3720 unum
958 3659 1097 3737 quendam

116 3745 217 3804 iustum
236 3762 300 3804 enm
318 3745 385 3806 titiis
401 3746 460 3806 suis
478 3745 507 3804 in
525 3763 593 3804 area
610 3745 781 3816 reservarit,
802 3755 833 3804 et
851 3764 913 3805 cum
928 3746 1097 3804 eoonrnium

116 3830 253 3892 seminum
271 3830 452 3910 omniumque
469 3829 653 3892 animantiam
679 3848 782 3907 mnus.
827 3828 866 3892 Bt
891 3839 986 3889 umen
1013 3831 1098 3890 etiarn

118 3914 164 3993 qui
183 3932 220 3975 ox
236 3914 310 3994 ipsis
326 3917 386 3978 nati
404 3927 480 3988 sunt,
500 3926 631 3998 tempore
649 3913 867 3986 intercedente,
896 3935 994 3975 rursus
1020 3914 1100 3975 simi-

1309 3848 1312 3941 i

1310 3946 1312 3995 t
