2634 4400
507 262 719 368 „em

120 480 153 529 et
169 470 194 527 si
212 478 241 529 te
261 478 442 527 cunctantem
459 466 557 527 videat
574 478 623 528 ant
641 466 829 540 dubitantem,
849 479 917 528 tuuc
936 489 1006 530 uere
1024 481 1106 550 puta·

120 553 172 625 bit,
195 552 270 632 quod
288 552 363 631 apud
380 552 484 612 nullum
504 554 560 612 erit
578 555 700 613 scientia
717 555 859 613 veritatis.
940 591 949 605 ·

153 644 221 705 ·4·‘.
242 638 400 697 terestres
419 636 545 701 adhaec
573 639 739 717 respoudit:
769 638 936 699 Omittamus
962 642 1047 713 haec,
1076 653 1108 700 et

121 728 145 785 si
164 723 277 803 quidem
296 723 410 803 dignum
430 730 474 783 est
491 735 522 783 ut
540 725 719 802 ingrediatur
736 726 847 783 ianuam
866 727 953 797 vitae,
975 726 1108 786 densos-

122 812 267 880 casionem
286 820 499 888 competentem,
525 808 620 881 dabit,
650 811 763 889 eritque
789 812 899 870 initium
927 830 965 871 ex
991 811 1060 871 teo
1075 824 1105 871 et

120 916 178 953 uon
199 914 235 955 ex
254 896 380 955 homine.
426 894 463 953 Et
481 894 548 955 ideo
567 898 641 954 sicut
658 897 738 975 prius
756 895 825 966 dixi,
856 898 1012 975 permittite
1041 916 1105 956 eum

120 982 183 1041 iterr
196 992 328 1059 agentem
348 979 496 1039 nobiscnm
514 976 614 1040 audire
633 1000 686 1039 nos
704 980 811 1059 aliquid
828 980 1024 1061 disputantem
1053 981 1106 1041 sed

121 1069 252 1146 qnoniam
272 1066 441 1125 festinantes
459 1087 511 1125 vos
536 1065 606 1138 vidi,
636 1065 748 1127 idcirco
776 1066 835 1126 dixi
863 1070 1112 1146 opportunitatem.

121 1150 324 1231 quaerendam,
354 1171 436 1230 quam
465 1172 528 1211 cum
556 1150 670 1211 dederit
696 1151 779 1224 deus,
806 1172 860 1211 ros
883 1172 996 1231 quoqne
1015 1152 1053 1211 ad
1070 1173 1107 1213 ea

121 1257 192 1317 quae
213 1235 314 1297 dixero
333 1237 529 1315 obtemperate
548 1238 627 1295 mihi.
673 1236 754 1297 llaec
776 1237 859 1297 nobis
885 1240 1106 1299 sermocinanti-

89 1355 99 1363 ·
119 1324 183 1394 ltus,
204 1324 283 1382 venit
300 1342 373 1401 puer
391 1321 497 1391 dicens
508 1322 629 1399 vigilare
647 1324 703 1381 iam
720 1334 842 1402 patrem,
859 1334 898 1381 et
925 1344 988 1383 cnm
1016 1325 1106 1383 velle·

119 1428 181 1467 mus
199 1408 313 1486 ingredi
331 1408 368 1467 ad
388 1427 463 1479 eum,
483 1409 546 1486 ipse
564 1410 643 1466 venit
661 1406 698 1467 ad
716 1428 779 1478 nos,
801 1419 831 1467 et
849 1409 947 1467 osculo
967 1410 1106 1469 nossalu-

119 1505 194 1565 tans,
216 1513 279 1554 cum
296 1493 515 1565 resedissemus,
536 1494 591 1552 ait:
613 1492 735 1551 Licetne
761 1494 957 1572 percunctari,
986 1494 1011 1551 si
1038 1493 1107 1572 quid

118 1580 200 1638 volet
217 1580 290 1657 quis,
311 1599 346 1637 au
366 1578 520 1637 secundnm
537 1578 747 1657 Pythagoricos
756 1576 908 1637 tacendum
917 1598 1032 1657 semper
1041 1583 1111 1638 esti

118 1664 157 1723 Et
175 1663 293 1723 Petrus:
314 1663 377 1723 Nos
396 1683 450 1723 nec
470 1665 556 1723 silere
575 1684 701 1743 semper,
721 1682 816 1741 neque
842 1664 1026 1743 percunctari
1054 1684 1105 1723 co-

120 1750 212 1827 gimus
229 1749 403 1810 accedentes
422 1740 459 1807 ad
477 1770 540 1821 nos,
561 1748 613 1809 sed
631 1750 841 1849 relinquimus
833 1770 960 1828 ipsorum
979 1749 1105 1809 libertati

119 1836 219 1894 facere
238 1846 268 1893 nt
285 1836 394 1906 volunt,
415 1835 541 1895 scientes
560 1833 637 1934 quod
655 1836 702 1915 qni
721 1835 1102 1913 curamgcritsalntissuae,

119 1922 145 1979 si
162 1922 190 1979 in
210 1932 292 1999 parte
310 1921 405 2000 aliqua
423 1922 512 1981 sentit
528 1921 639 1993 animae
659 1940 728 1981 suae
748 1920 888 1998 dolorem,
918 1932 1019 1981 tacere
1044 1942 1104 1980 non

119 2007 236 2084 patitur.
284 2007 337 2079 Qui
364 2026 434 2067 vero
462 2007 586 2085 negligit
612 2008 731 2066 salutem
758 2027 847 2078 suam,
877 2007 901 2064 si
920 2008 1103 2084 interrogare

120 2102 252 2171 cogatur,
273 2092 342 2151 nihil
360 2110 397 2151 ex
411 2094 470 2151 hoc
489 2094 604 2151 utilitati
622 2094 684 2152 eius
703 2094 852 2153 confertur
869 2093 924 2151 nisi
935 2092 1101 2164 luceolum,
1179 2152 1183 2160 ‚

119 2188 150 2237 nt
168 2176 311 2236 studiosus
330 2196 394 2238 esse
414 2176 545 2238 videatur
571 2188 601 2237 et
624 2177 758 2256 diligens.
806 2177 996 2251 Quanaobrem
1022 2188 1052 2238 tu
1079 2179 1103 2236 si

119 2261 190 2342 qnid
204 2261 319 2322 discere
337 2264 391 2334 vis,
411 2265 539 2342 require.

161 2346 195 2407 ὅ.
242 2349 279 2406 Ει
300 2367 396 2416 senex
422 2349 476 2406 ait:
505 2348 558 2408 Est
584 2347 697 2426 quidam
719 2367 814 2409 sermo
833 2347 907 2426 epnd
926 2347 1102 2408 Graecorum

119 2434 303 2513 philosophos
321 2433 476 2492 vehemens
493 2431 587 2504 valde,
609 2435 656 2512 qui
674 2433 758 2506 dicit,
786 2435 815 2491 in
833 2435 892 2492 vita
909 2433 1051 2493 hominnm
1069 2453 1103 2494 re

119 2521 183 2596 ipsa
200 2539 293 2596 neque
311 2519 415 2596 bonnm
443 2537 507 2578 esse
535 2518 652 2596 aliquid,
681 2538 776 2597 neque
803 2520 921 2590 malum3
950 2517 1002 2578 sed
1030 2539 1102 2598 quae

117 2604 251 2663 videntur
269 2603 428 2668 hominihus
450 2623 502 2664 usu
529 2615 559 2662 et
586 2603 794 2664 consuetudine
819 2605 985 2684 praeventis
1011 2606 1108 2677 vitae„

118 2690 191 2749 haec
210 2699 259 2746 aut
277 2689 351 2748 mala
368 2687 466 2748 dicunt
484 2701 532 2752 aut
549 2689 636 2748 bona.
657 2688 732 2748 Nam
750 2709 844 2769 neque
863 2689 1103 2750 homicidiumre-
1148 2683 1157 2698 ⁸

117 2793 189 2840 vera
207 2774 307 2834 malum
326 2785 381 2848 est,
402 2776 468 2854 quin
486 2777 605 2847 animum
623 2775 744 2834 uinculis
763 2777 858 2835 caruis
884 2775 1021 2847 absolvit3
1052 2775 1103 2836 de·

118 2861 216 2938 nique,
245 2861 333 2931 aiunt,
364 2871 393 2920 et
411 2862 476 2920 iusti
495 2863 598 2940 quique
626 2859 736 2920 iudices
762 2873 919 2940 peccantes
946 2862 1099 2940 perimunt.

120 2943 202 3018 Quod
220 2945 244 3004 si
262 2945 443 3006 homicidium
463 2948 571 3006 scirent
588 2947 689 3005 mulum
708 2966 786 3019 esse,
805 2968 863 3005 non
875 2949 978 3024 ⁴utique
997 2946 1027 3005 id
1045 2949 1103 3006 ius-

119 3031 141 3092 ti
167 3031 298 3101 homiues
322 3033 465 3092 facerent.
510 3031 613 3110 Neque
641 3030 810 3094 adulterium
837 3032 938 3090 malum
966 3051 1031 3090 esse
1058 3031 1119 3116 ιΙί-,ί

7 3122 16 3136 ”
121 3125 197 3187 cnut,
219 3116 243 3174 si
262 3117 336 3176 enim
354 3117 470 3194 ignoret
487 3117 531 3174 vir
549 3127 597 3176 aut
615 3127 784 3188 non‘curet,
808 3116 889 3187 nite,
918 3118 1007 3186 aiunt,
1036 3117 1103 3174 mali
1175 3143 1177 3145 ·

120 3211 174 3260 cst.
215 3199 281 3260 Sed
300 3221 393 3280 neque
412 3203 638 3262 furtummulum
657 3221 739 3273 esse,
761 3200 836 3279 quod
855 3203 929 3260 enim
949 3200 1102 3260 dcestali-

120 3287 176 3358 cui,
198 3288 293 3346 aufert
310 3288 345 3346 ab
364 3288 420 3347 alio
440 3285 602 3367 quidalm,
624 3285 700 3366 quod
718 3286 831 3366 quidem
842 3286 996 3365 oportebat
1010 3287 1101 3346 libere
1195 3309 1201 3316 ’

120 3373 190 3430 sumi
209 3383 238 3431 et
255 3372 384 3450 publium
406 3371 460 3432 sed
476 3373 540 3452 quia
559 3374 672 3434 occulte
691 3373 733 3444 lit,
763 3373 791 3430 in
811 3373 865 3431 lnoc
881 3374 974 3450 magis
992 3372 1067 3431 illius
1084 3393 1103 3431 a

120 3476 188 3535 qno
194 3458 265 3517 clam
284 3459 414 3528 aufertur
431 3459 619 3520 inhumanitas
638 3458 832 3536 redarguitur.
855 3457 1102 3529 Communisenim

118 3563 185 3602 usus
204 3545 326 3603 omnium
346 3563 418 3624 quae
437 3556 502 3603 sunt
519 3547 548 3602 in
566 3543 621 3603 lnoc
627 3541 757 3617 mundo,
780 3543 908 3604 omnibus
927 3564 991 3603 esse
1010 3544 1101 3602 homi-

119 3627 201 3686 nibus
220 3627 327 3702 debuit,
349 3629 401 3698 sed
418 3649 471 3729 per
488 3631 666 3708 iniquitatem
685 3630 757 3688 alius
779 3630 834 3688 lnoc
853 3628 1099 3700 suumdicitesse,

119 3724 150 3773 et
167 3713 238 3772 alius
256 3673 335 3787 illul,
357 3726 387 3774 et
405 3717 447 3774 sic
466 3717 543 3775 inter
560 3716 697 3774 mortales
716 3713 816 3773 divislo
835 3715 913 3773 facta
940 3725 994 3772 est
1042 3711 1101 3772 De-

119 3800 204 3876 nique
224 3798 399 3860 Graecorum
419 3799 530 3880 quidam
550 3799 1108 3881 sapientissimuslaaecitascienscsse„

118 3884 170 3958 ait,
201 3887 359 3946 communia
386 3884 494 3948 uetere
522 3905 585 3948 esse
609 3887 766 3946 amicorum
784 3885 895 3960 omnia;
923 3884 1100 3958 in‘omnibus
