<?xml version="1.0" encoding="UTF-8"?>
<!DOCTYPE html PUBLIC "-//W3C//DTD XHTML 1.0 Transitional//EN"
    "http://www.w3.org/TR/xhtml1/DTD/xhtml1-transitional.dtd">
<html xmlns="http://www.w3.org/1999/xhtml" xml:lang="en" lang="en">
 <head>
  <title>
</title>
<meta http-equiv="Content-Type" content="text/html;charset=utf-8" />
  <meta name='ocr-system' content='tesseract 3.04.00' />
  <meta name='ocr-capabilities' content='ocr_page ocr_carea ocr_par ocr_line ocrx_word'/>
</head>
<body>
  <div class='ocr_page' id='page_1' title='image "./recognitionesru00gersgoog_0177.png"; bbox 0 0 2634 4400; ppageno 0'>
   <div class='ocr_carea' id='block_1_1' title="bbox 580 298 645 361">
    <p class='ocr_par' dir='ltr' id='par_1_1' title="bbox 580 298 645 361">
     <span class='ocr_line' id='line_1_1' title="bbox 580 298 645 361; baseline -0.031 0"><span class='ocrx_word' id='word_1_1' title='bbox 580 298 645 361; x_wconf 68' lang='grc'>117</span> 
     </span>
    </p>
   </div>
   <div class='ocr_carea' id='block_1_2' title="bbox 11 500 1108 838">
    <p class='ocr_par' dir='ltr' id='par_1_2' title="bbox 11 500 1108 838">
     <span class='ocr_line' id='line_1_2' title="bbox 11 500 1107 583; baseline 0.004 -22"><span class='ocrx_word' id='word_1_2' title='bbox 11 502 12 505; x_wconf 66' lang='grc'>’</span> <span class='ocrx_word' id='word_1_3' title='bbox 119 502 213 563; x_wconf 80' lang='lat' dir='ltr'>factus</span> <span class='ocrx_word' id='word_1_4' title='bbox 232 502 279 571; x_wconf 88' lang='lat' dir='ltr'>sit,</span> <span class='ocrx_word' id='word_1_5' title='bbox 300 520 335 565; x_wconf 84' lang='lat' dir='ltr'>an</span> <span class='ocrx_word' id='word_1_6' title='bbox 355 522 428 575; x_wconf 81' lang='lat' dir='ltr'>non3</span> <span class='ocrx_word' id='word_1_7' title='bbox 459 513 489 561; x_wconf 90' lang='lat' dir='ltr'>ct</span> <span class='ocrx_word' id='word_1_8' title='bbox 510 504 534 561; x_wconf 88' lang='lat' dir='ltr'>si</span> <span class='ocrx_word' id='word_1_9' title='bbox 562 500 675 580; x_wconf 88' lang='lat' dir='ltr'>quidem</span> <span class='ocrx_word' id='word_1_10' title='bbox 698 523 755 562; x_wconf 91' lang='lat' dir='ltr'>non</span> <span class='ocrx_word' id='word_1_11' title='bbox 774 514 819 563; x_wconf 86' lang='lat' dir='ltr'>cst</span> <span class='ocrx_word' id='word_1_12' title='bbox 835 504 943 575; x_wconf 80' lang='lat' dir='ltr'>factus,</span> <span class='ocrx_word' id='word_1_13' title='bbox 968 506 1032 583; x_wconf 85' lang='lat' dir='ltr'>ipse</span> <span class='ocrx_word' id='word_1_14' title='bbox 1050 506 1107 565; x_wconf 82' lang='lat' dir='ltr'>erit</span> 
     </span>
     <span class='ocr_line' id='line_1_3' title="bbox 11 584 1108 665; baseline 0.007 -23"><span class='ocrx_word' id='word_1_15' title='bbox 11 620 12 623; x_wconf 60' lang='lat'><em>=</em></span> <span class='ocrx_word' id='word_1_16' title='bbox 119 584 191 645; x_wconf 89' lang='lat' dir='ltr'>illud</span> <span class='ocrx_word' id='word_1_17' title='bbox 209 586 379 663; x_wconf 89' lang='lat' dir='ltr'>ingenitum,</span> <span class='ocrx_word' id='word_1_18' title='bbox 401 605 438 645; x_wconf 84' lang='lat' dir='ltr'>ex</span> <span class='ocrx_word' id='word_1_19' title='bbox 457 606 513 665; x_wconf 93' lang='lat' dir='ltr'>quo</span> <span class='ocrx_word' id='word_1_20' title='bbox 532 588 636 665; x_wconf 77' lang='lat' dir='ltr'>omniq.</span> <span class='ocrx_word' id='word_1_21' title='bbox 684 587 806 647; x_wconf 79' lang='lat' dir='ltr'>sivero</span> <span class='ocrx_word' id='word_1_22' title='bbox 824 590 983 660; x_wconf 76' lang='lat' dir='ltr'>tarteson,</span> <span class='ocrx_word' id='word_1_23' title='bbox 1004 588 1108 650; x_wconf 84' lang='lat' dir='ltr'>dehoc</span> 
     </span>
     <span class='ocr_line' id='line_1_4' title="bbox 11 670 1106 753; baseline 0.006 -25"><span class='ocrx_word' id='word_1_24' title='bbox 11 680 12 691; x_wconf 63' lang='lat'>¹</span> <span class='ocrx_word' id='word_1_25' title='bbox 119 690 219 729; x_wconf 90' lang='lat' dir='ltr'>rursus</span> <span class='ocrx_word' id='word_1_26' title='bbox 239 673 368 749; x_wconf 76' lang='lat' dir='ltr'><strong>quaestio</strong></span> <span class='ocrx_word' id='word_1_27' title='bbox 388 672 415 729; x_wconf 93' lang='lat' dir='ltr'>in</span> <span class='ocrx_word' id='word_1_28' title='bbox 427 670 496 731; x_wconf 84' lang='lat' dir='ltr'>duas</span> <span class='ocrx_word' id='word_1_29' title='bbox 505 684 604 751; x_wconf 85' lang='lat' dir='ltr'>partes</span> <span class='ocrx_word' id='word_1_30' title='bbox 613 671 765 746; x_wconf 88' lang='lat' dir='ltr'>scinditur,</span> <span class='ocrx_word' id='word_1_31' title='bbox 785 685 943 733; x_wconf 79' lang='lat' dir='ltr'>utrumnam</span> <span class='ocrx_word' id='word_1_32' title='bbox 951 692 991 733; x_wconf 83' lang='lat' dir='ltr'>ex</span> <span class='ocrx_word' id='word_1_33' title='bbox 999 692 1032 734; x_wconf 89' lang='lat' dir='ltr'>se</span> <span class='ocrx_word' id='word_1_34' title='bbox 1042 677 1106 753; x_wconf 88' lang='lat' dir='ltr'>ipso</span> 
     </span>
     <span class='ocr_line' id='line_1_5' title="bbox 11 757 1106 838; baseline 0.004 -23"><span class='ocrx_word' id='word_1_35' title='bbox 11 794 12 805; x_wconf 29' lang='grc' dir='ltr'><strong>κ</strong></span> <span class='ocrx_word' id='word_1_36' title='bbox 119 757 214 815; x_wconf 87' lang='lat' dir='ltr'>factus</span> <span class='ocrx_word' id='word_1_37' title='bbox 234 767 290 827; x_wconf 90' lang='lat' dir='ltr'>est,</span> <span class='ocrx_word' id='word_1_38' title='bbox 311 778 346 830; x_wconf 76' lang='lat' dir='ltr'>qn</span> <span class='ocrx_word' id='word_1_39' title='bbox 365 757 400 815; x_wconf 89' lang='lat' dir='ltr'>ah</span> <span class='ocrx_word' id='word_1_40' title='bbox 420 758 489 816; x_wconf 88' lang='lat' dir='ltr'>alio.</span> <span class='ocrx_word' id='word_1_41' title='bbox 536 757 615 817; x_wconf 88' lang='lat' dir='ltr'>Etsi</span> <span class='ocrx_word' id='word_1_42' title='bbox 635 757 748 837; x_wconf 91' lang='lat' dir='ltr'>quidem</span> <span class='ocrx_word' id='word_1_43' title='bbox 767 779 784 818; x_wconf 91' lang='lat' dir='ltr'>a</span> <span class='ocrx_word' id='word_1_44' title='bbox 802 760 959 838; x_wconf 87' lang='lat' dir='ltr'>semetipso</span> <span class='ocrx_word' id='word_1_45' title='bbox 978 771 1034 832; x_wconf 90' lang='lat' dir='ltr'>est,</span> <span class='ocrx_word' id='word_1_46' title='bbox 1054 776 1106 819; x_wconf 89' lang='lat' dir='ltr'>ex·</span> 
     </span>
    </p>
   </div>
   <div class='ocr_carea' id='block_1_3' title="bbox 77 840 1174 1099">
    <p class='ocr_par' dir='ltr' id='par_1_3' title="bbox 77 840 1174 1099">
     <span class='ocr_line' id='line_1_6' title="bbox 119 840 1174 923; baseline 0.007 -24"><span class='ocrx_word' id='word_1_47' title='bbox 119 840 245 901; x_wconf 85' lang='lat' dir='ltr'>eluditur</span> <span class='ocrx_word' id='word_1_48' title='bbox 263 842 325 903; x_wconf 74' lang='lat' dir='ltr'>sine</span> <span class='ocrx_word' id='word_1_49' title='bbox 345 841 430 901; x_wconf 91' lang='lat' dir='ltr'>duhio</span> <span class='ocrx_word' id='word_1_50' title='bbox 450 842 641 921; x_wconf 90' lang='lat' dir='ltr'>providentia.</span> <span class='ocrx_word' id='word_1_51' title='bbox 690 842 722 903; x_wconf 88' lang='lat' dir='ltr'>Si</span> <span class='ocrx_word' id='word_1_52' title='bbox 749 844 931 923; x_wconf 78' lang='lat' dir='ltr'>prouidentia</span> <span class='ocrx_word' id='word_1_53' title='bbox 953 866 1011 903; x_wconf 90' lang='lat' dir='ltr'>non</span> <span class='ocrx_word' id='word_1_54' title='bbox 1028 847 1106 905; x_wconf 87' lang='lat' dir='ltr'>reci·</span> <span class='ocrx_word' id='word_1_55' title='bbox 1164 898 1174 913; x_wconf 87' lang='grc'><strong>,</strong></span> 
     </span>
     <span class='ocr_line' id='line_1_7' title="bbox 116 926 1105 1007; baseline 0.004 -22"><span class='ocrx_word' id='word_1_56' title='bbox 116 928 207 1005; x_wconf 90' lang='lat' dir='ltr'>pitur,</span> <span class='ocrx_word' id='word_1_57' title='bbox 228 928 333 987; x_wconf 78' lang='lat' dir='ltr'>trustra</span> <span class='ocrx_word' id='word_1_58' title='bbox 352 929 461 987; x_wconf 89' lang='lat' dir='ltr'>animus</span> <span class='ocrx_word' id='word_1_59' title='bbox 479 926 516 987; x_wconf 89' lang='lat' dir='ltr'>ud</span> <span class='ocrx_word' id='word_1_60' title='bbox 535 929 668 987; x_wconf 88' lang='lat' dir='ltr'>virtutem</span> <span class='ocrx_word' id='word_1_61' title='bbox 686 941 875 1007; x_wconf 82' lang='lat' dir='ltr'>provocatur,</span> <span class='ocrx_word' id='word_1_62' title='bbox 895 930 1002 1001; x_wconf 82' lang='lat' dir='ltr'>trustra</span> <span class='ocrx_word' id='word_1_63' title='bbox 1024 932 1105 989; x_wconf 88' lang='lat' dir='ltr'>iusti·</span> 
     </span>
     <span class='ocr_line' id='line_1_8' title="bbox 77 1010 1105 1099; baseline 0.003 -28"><span class='ocrx_word' id='word_1_64' title='bbox 77 1055 81 1063; x_wconf 82' lang='lat'>.</span> <span class='ocrx_word' id='word_1_65' title='bbox 117 1013 161 1071; x_wconf 87' lang='lat' dir='ltr'>tia</span> <span class='ocrx_word' id='word_1_66' title='bbox 178 1010 350 1083; x_wconf 74' lang='lat' dir='ltr'>custoditur,</span> <span class='ocrx_word' id='word_1_67' title='bbox 371 1014 516 1099; x_wconf 32' lang='lat' dir='ltr'>quippeusi</span> <span class='ocrx_word' id='word_1_68' title='bbox 536 1033 592 1073; x_wconf 92' lang='lat' dir='ltr'>nou</span> <span class='ocrx_word' id='word_1_69' title='bbox 612 1015 722 1092; x_wconf 88' lang='lat' dir='ltr'>estqui</span> <span class='ocrx_word' id='word_1_70' title='bbox 741 1016 816 1073; x_wconf 91' lang='lat' dir='ltr'>iusto</span> <span class='ocrx_word' id='word_1_71' title='bbox 835 1034 889 1094; x_wconf 92' lang='lat' dir='ltr'>pro</span> <span class='ocrx_word' id='word_1_72' title='bbox 915 1016 1025 1075; x_wconf 87' lang='lat' dir='ltr'>meritis</span> <span class='ocrx_word' id='word_1_73' title='bbox 1052 1017 1105 1075; x_wconf 92' lang='lat' dir='ltr'>ali·</span> 
     </span>
    </p>
   </div>
   <div class='ocr_carea' id='block_1_4' title="bbox 118 1096 1197 1179">
    <p class='ocr_par' dir='ltr' id='par_1_4' title="bbox 118 1096 1197 1179">
     <span class='ocr_line' id='line_1_9' title="bbox 118 1096 1197 1179; baseline 0.003 -22"><span class='ocrx_word' id='word_1_74' title='bbox 118 1096 232 1175; x_wconf 86' lang='lat' dir='ltr'>quaudo</span> <span class='ocrx_word' id='word_1_75' title='bbox 250 1100 395 1157; x_wconf 88' lang='lat' dir='ltr'>restituat.</span> <span class='ocrx_word' id='word_1_76' title='bbox 433 1098 502 1157; x_wconf 86' lang='lat' dir='ltr'>·Se‹l</span> <span class='ocrx_word' id='word_1_77' title='bbox 525 1118 561 1157; x_wconf 91' lang='lat' dir='ltr'>nc</span> <span class='ocrx_word' id='word_1_78' title='bbox 588 1100 682 1158; x_wconf 89' lang='lat' dir='ltr'>anima</span> <span class='ocrx_word' id='word_1_79' title='bbox 708 1099 822 1177; x_wconf 91' lang='lat' dir='ltr'>quidem</span> <span class='ocrx_word' id='word_1_80' title='bbox 848 1102 912 1179; x_wconf 88' lang='lat' dir='ltr'>ipsa</span> <span class='ocrx_word' id='word_1_81' title='bbox 937 1101 1105 1159; x_wconf 81' lang='lat' dir='ltr'>immortalis</span> <span class='ocrx_word' id='word_1_82' title='bbox 1195 1130 1197 1136; x_wconf 95' lang='lat'>·</span> 
     </span>
    </p>
   </div>
   <div class='ocr_carea' id='block_1_5' title="bbox 117 1180 1111 1436">
    <p class='ocr_par' dir='ltr' id='par_1_5' title="bbox 117 1180 1111 1436">
     <span class='ocr_line' id='line_1_10' title="bbox 117 1180 1104 1265; baseline 0.005 -24"><span class='ocrx_word' id='word_1_83' title='bbox 117 1180 272 1253; x_wconf 80' lang='lat' dir='ltr'>videbitur,</span> <span class='ocrx_word' id='word_1_84' title='bbox 293 1184 316 1246; x_wconf 81' lang='lat' dir='ltr'>si</span> <span class='ocrx_word' id='word_1_85' title='bbox 336 1202 399 1243; x_wconf 87' lang='lat' dir='ltr'>eam</span> <span class='ocrx_word' id='word_1_86' title='bbox 417 1195 483 1262; x_wconf 90' lang='lat' dir='ltr'>post</span> <span class='ocrx_word' id='word_1_87' title='bbox 500 1183 708 1244; x_wconf 85' lang='lat' dir='ltr'>ahsolutionem</span> <span class='ocrx_word' id='word_1_88' title='bbox 726 1188 862 1265; x_wconf 86' lang='lat' dir='ltr'>corporis</span> <span class='ocrx_word' id='word_1_89' title='bbox 880 1187 986 1248; x_wconf 71' lang='lat' dir='ltr'>nrdlius⁴</span> <span class='ocrx_word' id='word_1_90' title='bbox 1008 1188 1104 1265; x_wconf 87' lang='lat' dir='ltr'>provi-</span> 
     </span>
     <span class='ocr_line' id='line_1_11' title="bbox 117 1266 1111 1347; baseline 0.006 -22"><span class='ocrx_word' id='word_1_91' title='bbox 117 1266 234 1327; x_wconf 86' lang='lat' dir='ltr'>dentiae</span> <span class='ocrx_word' id='word_1_92' title='bbox 254 1269 381 1347; x_wconf 82' lang='lat' dir='ltr'>excipiat</span> <span class='ocrx_word' id='word_1_93' title='bbox 399 1268 587 1347; x_wconf 81' lang='lat' dir='ltr'>dispensatio.</span> <span class='ocrx_word' id='word_1_94' title='bbox 1104 1289 1111 1294; x_wconf 80' lang='grc'><em>·</em></span> 
     </span>
     <span class='ocr_line' id='line_1_12' title="bbox 160 1352 1104 1436; baseline 0.004 -25"><span class='ocrx_word' id='word_1_95' title='bbox 160 1352 213 1411; x_wconf 84' lang='lat' dir='ltr'>ll.</span> <span class='ocrx_word' id='word_1_96' title='bbox 261 1352 318 1411; x_wconf 90' lang='lat' dir='ltr'>lam</span> <span class='ocrx_word' id='word_1_97' title='bbox 337 1356 361 1412; x_wconf 88' lang='lat' dir='ltr'>si</span> <span class='ocrx_word' id='word_1_98' title='bbox 381 1352 520 1413; x_wconf 80' lang='lat' dir='ltr'>doccatur</span> <span class='ocrx_word' id='word_1_99' title='bbox 538 1373 606 1413; x_wconf 88' lang='lat' dir='ltr'>osse</span> <span class='ocrx_word' id='word_1_100' title='bbox 624 1354 818 1433; x_wconf 82' lang='lat' dir='ltr'>providentia,</span> <span class='ocrx_word' id='word_1_101' title='bbox 838 1367 870 1415; x_wconf 91' lang='lat' dir='ltr'>et</span> <span class='ocrx_word' id='word_1_102' title='bbox 882 1356 1104 1436; x_wconf 85' lang='lat' dir='ltr'>peripsamlar·</span> 
     </span>
    </p>
   </div>
   <div class='ocr_carea' id='block_1_6' title="bbox 115 1438 1199 1519">
    <p class='ocr_par' dir='ltr' id='par_1_6' title="bbox 115 1438 1199 1519">
     <span class='ocr_line' id='line_1_13' title="bbox 115 1438 1199 1519; baseline -0.001 -22"><span class='ocrx_word' id='word_1_103' title='bbox 115 1449 245 1497; x_wconf 49' lang='lat' dir='ltr'>tusvcsse</span> <span class='ocrx_word' id='word_1_104' title='bbox 264 1438 394 1510; x_wconf 84' lang='lat' dir='ltr'>mundus,</span> <span class='ocrx_word' id='word_1_105' title='bbox 411 1438 473 1498; x_wconf 68' lang='lat' dir='ltr'>&#39;alia</span> <span class='ocrx_word' id='word_1_106' title='bbox 491 1459 589 1499; x_wconf 90' lang='lat' dir='ltr'>rursus</span> <span class='ocrx_word' id='word_1_107' title='bbox 613 1459 686 1519; x_wconf 89' lang='lat' dir='ltr'>quae</span> <span class='ocrx_word' id='word_1_108' title='bbox 714 1439 903 1500; x_wconf 80' lang='lat' dir='ltr'>discutiantur</span> <span class='ocrx_word' id='word_1_109' title='bbox 929 1452 1101 1514; x_wconf 76' lang='lat' dir='ltr'>occumunt3</span> <span class='ocrx_word' id='word_1_110' title='bbox 1196 1488 1199 1496; x_wconf 81' lang='grc'><strong>.</strong></span> 
     </span>
    </p>
   </div>
   <div class='ocr_carea' id='block_1_7' title="bbox 98 1523 1174 3902">
    <p class='ocr_par' dir='ltr' id='par_1_7' title="bbox 114 1523 1104 2626">
     <span class='ocr_line' id='line_1_14' title="bbox 115 1523 1104 1603; baseline 0.003 -22"><span class='ocrx_word' id='word_1_111' title='bbox 115 1523 281 1601; x_wconf 76' lang='lat' dir='ltr'>requiretur</span> <span class='ocrx_word' id='word_1_112' title='bbox 299 1525 448 1603; x_wconf 89' lang='lat' dir='ltr'>enimquo</span> <span class='ocrx_word' id='word_1_113' title='bbox 468 1524 552 1583; x_wconf 86' lang='lat' dir='ltr'>modo</span> <span class='ocrx_word' id='word_1_114' title='bbox 571 1524 609 1583; x_wconf 83' lang='lat' dir='ltr'>sit</span> <span class='ocrx_word' id='word_1_115' title='bbox 627 1524 820 1603; x_wconf 85' lang='lat' dir='ltr'>providentia,</span> <span class='ocrx_word' id='word_1_116' title='bbox 840 1536 933 1584; x_wconf 86' lang='lat' dir='ltr'>utrum</span> <span class='ocrx_word' id='word_1_117' title='bbox 957 1527 1104 1603; x_wconf 86' lang='lat' dir='ltr'>generali·</span> 
     </span>
     <span class='ocr_line' id='line_1_15' title="bbox 114 1611 1104 1689; baseline 0.002 -22"><span class='ocrx_word' id='word_1_118' title='bbox 114 1618 163 1667; x_wconf 90' lang='lat' dir='ltr'>ter</span> <span class='ocrx_word' id='word_1_119' title='bbox 181 1628 252 1686; x_wconf 82' lang='lat' dir='ltr'>erga</span> <span class='ocrx_word' id='word_1_120' title='bbox 275 1612 379 1681; x_wconf 86' lang='lat' dir='ltr'>onmia,</span> <span class='ocrx_word' id='word_1_121' title='bbox 400 1630 437 1668; x_wconf 94' lang='lat' dir='ltr'>an</span> <span class='ocrx_word' id='word_1_122' title='bbox 455 1611 623 1688; x_wconf 80' lang='lat' dir='ltr'>specialiter</span> <span class='ocrx_word' id='word_1_123' title='bbox 642 1628 713 1688; x_wconf 88' lang='lat' dir='ltr'>erga</span> <span class='ocrx_word' id='word_1_124' title='bbox 730 1621 838 1689; x_wconf 87' lang='lat' dir='ltr'>partes,</span> <span class='ocrx_word' id='word_1_125' title='bbox 859 1630 896 1671; x_wconf 92' lang='lat' dir='ltr'>au</span> <span class='ocrx_word' id='word_1_126' title='bbox 914 1622 945 1669; x_wconf 92' lang='lat' dir='ltr'>et</span> <span class='ocrx_word' id='word_1_127' title='bbox 958 1611 1104 1688; x_wconf 88' lang='lat' dir='ltr'>generali·</span> 
     </span>
     <span class='ocr_line' id='line_1_16' title="bbox 114 1696 1103 1774; baseline 0 -21"><span class='ocrx_word' id='word_1_128' title='bbox 114 1704 163 1753; x_wconf 86' lang='lat' dir='ltr'>ter</span> <span class='ocrx_word' id='word_1_129' title='bbox 180 1713 253 1771; x_wconf 88' lang='lat' dir='ltr'>erga</span> <span class='ocrx_word' id='word_1_130' title='bbox 270 1706 378 1772; x_wconf 87' lang='lat' dir='ltr'>partes,</span> <span class='ocrx_word' id='word_1_131' title='bbox 399 1716 435 1755; x_wconf 93' lang='lat' dir='ltr'>an</span> <span class='ocrx_word' id='word_1_132' title='bbox 455 1706 485 1755; x_wconf 89' lang='lat' dir='ltr'>et</span> <span class='ocrx_word' id='word_1_133' title='bbox 503 1696 683 1773; x_wconf 79' lang='lat' dir='ltr'>generaliter</span> <span class='ocrx_word' id='word_1_134' title='bbox 700 1715 772 1773; x_wconf 89' lang='lat' dir='ltr'>erga</span> <span class='ocrx_word' id='word_1_135' title='bbox 796 1697 890 1755; x_wconf 91' lang='lat' dir='ltr'>omnia</span> <span class='ocrx_word' id='word_1_136' title='bbox 913 1707 944 1755; x_wconf 88' lang='lat' dir='ltr'>et</span> <span class='ocrx_word' id='word_1_137' title='bbox 969 1696 1103 1774; x_wconf 83' lang='lat' dir='ltr'>speciali-</span> 
     </span>
     <span class='ocr_line' id='line_1_17' title="bbox 115 1778 1100 1859; baseline 0.001 -22"><span class='ocrx_word' id='word_1_138' title='bbox 115 1788 163 1837; x_wconf 89' lang='lat' dir='ltr'>ter</span> <span class='ocrx_word' id='word_1_139' title='bbox 180 1798 252 1856; x_wconf 86' lang='lat' dir='ltr'>erga</span> <span class='ocrx_word' id='word_1_140' title='bbox 269 1790 377 1857; x_wconf 85' lang='lat' dir='ltr'>partes.</span> <span class='ocrx_word' id='word_1_141' title='bbox 427 1779 577 1841; x_wconf 80' lang='lat' dir='ltr'>Generalis</span> <span class='ocrx_word' id='word_1_142' title='bbox 600 1791 695 1839; x_wconf 88' lang='lat' dir='ltr'>autem</span> <span class='ocrx_word' id='word_1_143' title='bbox 723 1782 894 1859; x_wconf 83' lang='lat' dir='ltr'>intelligitur</span> <span class='ocrx_word' id='word_1_144' title='bbox 919 1781 976 1839; x_wconf 86' lang='lat' dir='ltr'>hoc</span> <span class='ocrx_word' id='word_1_145' title='bbox 1002 1778 1100 1853; x_wconf 87' lang='lat' dir='ltr'>modo,</span> 
     </span>
     <span class='ocr_line' id='line_1_18' title="bbox 117 1863 1103 1941; baseline 0.003 -19"><span class='ocrx_word' id='word_1_146' title='bbox 117 1866 197 1941; x_wconf 87' lang='lat' dir='ltr'>quasi</span> <span class='ocrx_word' id='word_1_147' title='bbox 215 1864 251 1922; x_wconf 88' lang='lat' dir='ltr'>ah</span> <span class='ocrx_word' id='word_1_148' title='bbox 271 1866 352 1923; x_wconf 90' lang='lat' dir='ltr'>initio</span> <span class='ocrx_word' id='word_1_149' title='bbox 373 1864 442 1924; x_wconf 87' lang='lat' dir='ltr'>deus</span> <span class='ocrx_word' id='word_1_150' title='bbox 460 1866 571 1925; x_wconf 82' lang='lat' dir='ltr'>iaciens</span> <span class='ocrx_word' id='word_1_151' title='bbox 598 1864 731 1924; x_wconf 90' lang='lat' dir='ltr'>mundum</span> <span class='ocrx_word' id='word_1_152' title='bbox 758 1865 888 1926; x_wconf 83' lang='lat' dir='ltr'>ordinem</span> <span class='ocrx_word' id='word_1_153' title='bbox 916 1863 1031 1925; x_wconf 85' lang='lat' dir='ltr'>dederit</span> <span class='ocrx_word' id='word_1_154' title='bbox 1053 1884 1103 1925; x_wconf 84' lang='lat' dir='ltr'>rc·</span> 
     </span>
     <span class='ocr_line' id='line_1_19' title="bbox 115 1948 1103 2031; baseline 0 -22"><span class='ocrx_word' id='word_1_155' title='bbox 115 1948 168 2009; x_wconf 88' lang='lat' dir='ltr'>hus</span> <span class='ocrx_word' id='word_1_156' title='bbox 187 1960 218 2008; x_wconf 91' lang='lat' dir='ltr'>et</span> <span class='ocrx_word' id='word_1_157' title='bbox 232 1968 342 2012; x_wconf 86' lang='lat' dir='ltr'>cursum</span> <span class='ocrx_word' id='word_1_158' title='bbox 362 1952 505 2021; x_wconf 86' lang='lat' dir='ltr'>statuerit,</span> <span class='ocrx_word' id='word_1_159' title='bbox 526 1961 556 2009; x_wconf 95' lang='lat' dir='ltr'>ct</span> <span class='ocrx_word' id='word_1_160' title='bbox 574 1951 648 2010; x_wconf 90' lang='lat' dir='ltr'>ultra</span> <span class='ocrx_word' id='word_1_161' title='bbox 667 1971 766 2011; x_wconf 93' lang='lat' dir='ltr'>eorum</span> <span class='ocrx_word' id='word_1_162' title='bbox 784 1971 881 2011; x_wconf 84' lang='lat' dir='ltr'>curam</span> <span class='ocrx_word' id='word_1_163' title='bbox 899 1971 973 2031; x_wconf 86' lang='lat' dir='ltr'>quac</span> <span class='ocrx_word' id='word_1_164' title='bbox 992 1970 1103 2031; x_wconf 79' lang='lat' dir='ltr'>geron-¹</span> 
     </span>
     <span class='ocr_line' id='line_1_20' title="bbox 116 2034 1102 2116; baseline 0.002 -23"><span class='ocrx_word' id='word_1_165' title='bbox 116 2045 173 2105; x_wconf 84' lang='lat' dir='ltr'>tur,</span> <span class='ocrx_word' id='word_1_166' title='bbox 204 2034 313 2095; x_wconf 85' lang='lat' dir='ltr'>hahere</span> <span class='ocrx_word' id='word_1_167' title='bbox 341 2038 509 2095; x_wconf 81' lang='lat' dir='ltr'>cessaverit.</span> <span class='ocrx_word' id='word_1_168' title='bbox 556 2036 699 2116; x_wconf 87' lang='lat' dir='ltr'>Specialis</span> <span class='ocrx_word' id='word_1_169' title='bbox 725 2058 796 2097; x_wconf 85' lang='lat' dir='ltr'>vero</span> <span class='ocrx_word' id='word_1_170' title='bbox 823 2058 895 2116; x_wconf 89' lang='lat' dir='ltr'>erga</span> <span class='ocrx_word' id='word_1_171' title='bbox 921 2048 1019 2115; x_wconf 89' lang='lat' dir='ltr'>partes</span> <span class='ocrx_word' id='word_1_172' title='bbox 1046 2037 1102 2097; x_wconf 89' lang='lat' dir='ltr'>hoe</span> 
     </span>
     <span class='ocr_line' id='line_1_21' title="bbox 116 2118 1101 2201; baseline 0.002 -24"><span class='ocrx_word' id='word_1_173' title='bbox 116 2118 202 2177; x_wconf 88' lang='lat' dir='ltr'>modo</span> <span class='ocrx_word' id='word_1_174' title='bbox 222 2132 277 2190; x_wconf 87' lang='lat' dir='ltr'>est,</span> <span class='ocrx_word' id='word_1_175' title='bbox 299 2132 329 2179; x_wconf 92' lang='lat' dir='ltr'>ut</span> <span class='ocrx_word' id='word_1_176' title='bbox 348 2120 521 2200; x_wconf 90' lang='lat' dir='ltr'>quorundam</span> <span class='ocrx_word' id='word_1_177' title='bbox 542 2120 657 2201; x_wconf 89' lang='lat' dir='ltr'>quidem</span> <span class='ocrx_word' id='word_1_178' title='bbox 674 2123 880 2182; x_wconf 82' lang='lat' dir='ltr'>veihonainum</span> <span class='ocrx_word' id='word_1_179' title='bbox 898 2123 945 2182; x_wconf 88' lang='lat' dir='ltr'>vel</span> <span class='ocrx_word' id='word_1_180' title='bbox 971 2123 1101 2180; x_wconf 84' lang='lat' dir='ltr'>locorum</span> 
     </span>
     <span class='ocr_line' id='line_1_22' title="bbox 116 2205 1102 2287; baseline 0 -23"><span class='ocrx_word' id='word_1_181' title='bbox 116 2205 326 2284; x_wconf 89' lang='lat' dir='ltr'>providentiam</span> <span class='ocrx_word' id='word_1_182' title='bbox 344 2219 439 2284; x_wconf 83' lang='lat' dir='ltr'>gerat,</span> <span class='ocrx_word' id='word_1_183' title='bbox 461 2206 636 2287; x_wconf 84' lang='lat' dir='ltr'>quorundam</span> <span class='ocrx_word' id='word_1_184' title='bbox 654 2227 726 2268; x_wconf 89' lang='lat' dir='ltr'>vero</span> <span class='ocrx_word' id='word_1_185' title='bbox 744 2229 801 2267; x_wconf 88' lang='lat' dir='ltr'>nou</span> <span class='ocrx_word' id='word_1_186' title='bbox 828 2219 923 2286; x_wconf 88' lang='lat' dir='ltr'>gerat.</span> <span class='ocrx_word' id='word_1_187' title='bbox 972 2207 1102 2265; x_wconf 87' lang='lat' dir='ltr'>Genera-</span> 
     </span>
     <span class='ocr_line' id='line_1_23' title="bbox 116 2290 1099 2370; baseline 0 -22"><span class='ocrx_word' id='word_1_188' title='bbox 116 2291 151 2350; x_wconf 86' lang='lat' dir='ltr'>lis</span> <span class='ocrx_word' id='word_1_189' title='bbox 169 2299 263 2350; x_wconf 88' lang='lat' dir='ltr'>autem</span> <span class='ocrx_word' id='word_1_190' title='bbox 283 2294 404 2354; x_wconf 86' lang='lat' dir='ltr'>omnium</span> <span class='ocrx_word' id='word_1_191' title='bbox 424 2303 454 2350; x_wconf 92' lang='lat' dir='ltr'>et</span> <span class='ocrx_word' id='word_1_192' title='bbox 472 2293 606 2369; x_wconf 86' lang='lat' dir='ltr'>specialis</span> <span class='ocrx_word' id='word_1_193' title='bbox 624 2293 745 2370; x_wconf 87' lang='lat' dir='ltr'>partium</span> <span class='ocrx_word' id='word_1_194' title='bbox 763 2293 844 2350; x_wconf 89' lang='lat' dir='ltr'>simul</span> <span class='ocrx_word' id='word_1_195' title='bbox 863 2292 919 2351; x_wconf 90' lang='lat' dir='ltr'>hoe</span> <span class='ocrx_word' id='word_1_196' title='bbox 936 2290 1022 2349; x_wconf 89' lang='lat' dir='ltr'>modo</span> <span class='ocrx_word' id='word_1_197' title='bbox 1043 2302 1099 2363; x_wconf 89' lang='lat' dir='ltr'>est,</span> 
     </span>
     <span class='ocr_line' id='line_1_24' title="bbox 116 2375 1102 2455; baseline 0 -21"><span class='ocrx_word' id='word_1_198' title='bbox 116 2377 196 2454; x_wconf 86' lang='lat' dir='ltr'>quasi</span> <span class='ocrx_word' id='word_1_199' title='bbox 209 2387 246 2434; x_wconf 90' lang='lat' dir='ltr'>et</span> <span class='ocrx_word' id='word_1_200' title='bbox 262 2377 299 2436; x_wconf 91' lang='lat' dir='ltr'>ah</span> <span class='ocrx_word' id='word_1_201' title='bbox 316 2379 398 2435; x_wconf 87' lang='lat' dir='ltr'>initio</span> <span class='ocrx_word' id='word_1_202' title='bbox 417 2377 512 2435; x_wconf 89' lang='lat' dir='ltr'>onmia</span> <span class='ocrx_word' id='word_1_203' title='bbox 529 2377 635 2436; x_wconf 86' lang='lat' dir='ltr'>lecerit</span> <span class='ocrx_word' id='word_1_204' title='bbox 653 2376 735 2448; x_wconf 89' lang='lat' dir='ltr'>deus,</span> <span class='ocrx_word' id='word_1_205' title='bbox 756 2387 787 2434; x_wconf 90' lang='lat' dir='ltr'>et</span> <span class='ocrx_word' id='word_1_206' title='bbox 803 2396 894 2455; x_wconf 89' lang='lat' dir='ltr'>usque</span> <span class='ocrx_word' id='word_1_207' title='bbox 907 2375 1038 2434; x_wconf 85' lang='lat' dir='ltr'>adfinem</span> <span class='ocrx_word' id='word_1_208' title='bbox 1048 2395 1102 2453; x_wconf 92' lang='lat' dir='ltr'>per</span> 
     </span>
     <span class='ocr_line' id='line_1_25' title="bbox 116 2458 1101 2542; baseline -0.004 -20"><span class='ocrx_word' id='word_1_209' title='bbox 116 2461 244 2542; x_wconf 80' lang='lat' dir='ltr'>singulos</span> <span class='ocrx_word' id='word_1_210' title='bbox 263 2482 391 2542; x_wconf 83' lang='lat' dir='ltr'>quosque</span> <span class='ocrx_word' id='word_1_211' title='bbox 410 2459 618 2540; x_wconf 81' lang='lat' dir='ltr'>providentiam</span> <span class='ocrx_word' id='word_1_212' title='bbox 637 2473 733 2539; x_wconf 82' lang='lat' dir='ltr'>gerat,</span> <span class='ocrx_word' id='word_1_213' title='bbox 762 2471 793 2520; x_wconf 88' lang='lat' dir='ltr'>et</span> <span class='ocrx_word' id='word_1_214' title='bbox 818 2462 972 2540; x_wconf 84' lang='lat' dir='ltr'>uniruique</span> <span class='ocrx_word' id='word_1_215' title='bbox 996 2458 1101 2519; x_wconf 85' lang='lat' dir='ltr'>reddat</span> 
     </span>
     <span class='ocr_line' id='line_1_26' title="bbox 116 2547 385 2626; baseline 0 -20"><span class='ocrx_word' id='word_1_216' title='bbox 116 2565 173 2626; x_wconf 88' lang='lat' dir='ltr'>pro.</span> <span class='ocrx_word' id='word_1_217' title='bbox 188 2547 298 2606; x_wconf 85' lang='lat' dir='ltr'>actibus</span> <span class='ocrx_word' id='word_1_218' title='bbox 317 2550 385 2608; x_wconf 89' lang='lat' dir='ltr'>suis.</span> 
     </span>
    </p>

    <p class='ocr_par' dir='ltr' id='par_1_8' title="bbox 98 2630 1174 3902">
     <span class='ocr_line' id='line_1_27' title="bbox 161 2630 1101 2712; baseline -0.003 -22"><span class='ocrx_word' id='word_1_219' title='bbox 161 2632 216 2692; x_wconf 76' lang='lat' dir='ltr'>tn.</span> <span class='ocrx_word' id='word_1_220' title='bbox 264 2632 358 2692; x_wconf 89' lang='lat' dir='ltr'>Prima</span> <span class='ocrx_word' id='word_1_221' title='bbox 377 2653 448 2712; x_wconf 86' lang='lat' dir='ltr'>ergo</span> <span class='ocrx_word' id='word_1_222' title='bbox 466 2633 514 2692; x_wconf 86' lang='lat' dir='ltr'>illa</span> <span class='ocrx_word' id='word_1_223' title='bbox 534 2633 704 2711; x_wconf 76' lang='lat' dir='ltr'>propositio,</span> <span class='ocrx_word' id='word_1_224' title='bbox 725 2651 799 2711; x_wconf 90' lang='lat' dir='ltr'>quae</span> <span class='ocrx_word' id='word_1_225' title='bbox 818 2630 899 2703; x_wconf 84' lang='lat' dir='ltr'>dicit,</span> <span class='ocrx_word' id='word_1_226' title='bbox 920 2631 1032 2709; x_wconf 89' lang='lat' dir='ltr'>quiaah</span> <span class='ocrx_word' id='word_1_227' title='bbox 1046 2631 1101 2688; x_wconf 93' lang='lat' dir='ltr'>ini-</span> 
     </span>
     <span class='ocr_line' id='line_1_28' title="bbox 116 2715 1100 2796; baseline -0.001 -21"><span class='ocrx_word' id='word_1_228' title='bbox 116 2716 247 2776; x_wconf 77' lang='lat' dir='ltr'>tto-teus</span> <span class='ocrx_word' id='word_1_229' title='bbox 266 2719 371 2778; x_wconf 83' lang='lat' dir='ltr'>lecerit</span> <span class='ocrx_word' id='word_1_230' title='bbox 388 2718 493 2788; x_wconf 87' lang='lat' dir='ltr'>omnia,</span> <span class='ocrx_word' id='word_1_231' title='bbox 515 2727 546 2776; x_wconf 90' lang='lat' dir='ltr'>et</span> <span class='ocrx_word' id='word_1_232' title='bbox 563 2736 648 2777; x_wconf 87' lang='lat' dir='ltr'>eursu</span> <span class='ocrx_word' id='word_1_233' title='bbox 666 2727 752 2796; x_wconf 88' lang='lat' dir='ltr'>atque</span> <span class='ocrx_word' id='word_1_234' title='bbox 771 2715 873 2776; x_wconf 90' lang='lat' dir='ltr'>ordine</span> <span class='ocrx_word' id='word_1_235' title='bbox 895 2716 982 2775; x_wconf 87' lang='lat' dir='ltr'>rehus</span> <span class='ocrx_word' id='word_1_236' title='bbox 1009 2718 1100 2794; x_wconf 90' lang='lat' dir='ltr'>impo-</span> 
     </span>
     <span class='ocr_line' id='line_1_29' title="bbox 116 2795 1101 2882; baseline 0.001 -22"><span class='ocrx_word' id='word_1_237' title='bbox 116 2803 172 2860; x_wconf 92' lang='lat' dir='ltr'>sito</span> <span class='ocrx_word' id='word_1_238' title='bbox 191 2801 227 2862; x_wconf 89' lang='lat' dir='ltr'>de</span> <span class='ocrx_word' id='word_1_239' title='bbox 245 2803 355 2882; x_wconf 87' lang='lat' dir='ltr'>reliquo</span> <span class='ocrx_word' id='word_1_240' title='bbox 375 2805 443 2863; x_wconf 87' lang='lat' dir='ltr'>nihil</span> <span class='ocrx_word' id='word_1_241' title='bbox 462 2802 498 2862; x_wconf 90' lang='lat' dir='ltr'>ad</span> <span class='ocrx_word' id='word_1_242' title='bbox 516 2795 548 2862; x_wconf 71' lang='lat' dir='ltr'>sc</span> <span class='ocrx_word' id='word_1_243' title='bbox 570 2813 702 2874; x_wconf 84' lang='lat' dir='ltr'>revocet,</span> <span class='ocrx_word' id='word_1_244' title='bbox 722 2801 878 2862; x_wconf 86' lang='lat' dir='ltr'>seeundum</span> <span class='ocrx_word' id='word_1_245' title='bbox 896 2803 1025 2879; x_wconf 87' lang='lat' dir='ltr'>genesim</span> <span class='ocrx_word' id='word_1_246' title='bbox 1035 2802 1101 2879; x_wconf 88' lang='lat' dir='ltr'>geri</span> 
     </span>
     <span class='ocr_line' id='line_1_30' title="bbox 98 2886 1174 2969; baseline -0.001 -23"><span class='ocrx_word' id='word_1_247' title='bbox 98 2899 220 2948; x_wconf 88' lang='lat' dir='ltr'>·cuneta</span> <span class='ocrx_word' id='word_1_248' title='bbox 239 2889 400 2948; x_wconf 77' lang='lat' dir='ltr'>coufirmat.</span> <span class='ocrx_word' id='word_1_249' title='bbox 447 2886 494 2947; x_wconf 85' lang='lat' dir='ltr'>Ad</span> <span class='ocrx_word' id='word_1_250' title='bbox 511 2889 567 2947; x_wconf 86' lang='lat' dir='ltr'>hoc</span> <span class='ocrx_word' id='word_1_251' title='bbox 586 2908 658 2966; x_wconf 89' lang='lat' dir='ltr'>ergo</span> <span class='ocrx_word' id='word_1_252' title='bbox 677 2889 770 2969; x_wconf 89' lang='lat' dir='ltr'>primo</span> <span class='ocrx_word' id='word_1_253' title='bbox 788 2886 1040 2966; x_wconf 87' lang='lat' dir='ltr'>respondebimus,</span> <span class='ocrx_word' id='word_1_254' title='bbox 1068 2897 1100 2945; x_wconf 90' lang='lat' dir='ltr'>et</span> <span class='ocrx_word' id='word_1_255' title='bbox 1170 2889 1174 2894; x_wconf 88' lang='grc'>’</span> 
     </span>
     <span class='ocr_line' id='line_1_31' title="bbox 114 2971 1100 3051; baseline 0 -21"><span class='ocrx_word' id='word_1_256' title='bbox 114 2972 159 3036; x_wconf 88' lang='lat' dir='ltr'>his</span> <span class='ocrx_word' id='word_1_257' title='bbox 177 2973 333 3050; x_wconf 77' lang='lat' dir='ltr'>praecipue</span> <span class='ocrx_word' id='word_1_258' title='bbox 352 2974 399 3050; x_wconf 90' lang='lat' dir='ltr'>qui</span> <span class='ocrx_word' id='word_1_259' title='bbox 426 2973 497 3032; x_wconf 85' lang='lat' dir='ltr'>deos</span> <span class='ocrx_word' id='word_1_260' title='bbox 525 2973 623 3031; x_wconf 86' lang='lat' dir='ltr'>colunt</span> <span class='ocrx_word' id='word_1_261' title='bbox 641 2984 672 3032; x_wconf 91' lang='lat' dir='ltr'>et</span> <span class='ocrx_word' id='word_1_262' title='bbox 697 2974 827 3051; x_wconf 88' lang='lat' dir='ltr'>genesim</span> <span class='ocrx_word' id='word_1_263' title='bbox 854 2971 1023 3044; x_wconf 82' lang='lat' dir='ltr'>defendunt,</span> <span class='ocrx_word' id='word_1_264' title='bbox 1052 2972 1100 3050; x_wconf 89' lang='lat' dir='ltr'>qui</span> 
     </span>
     <span class='ocr_line' id='line_1_32' title="bbox 114 3054 1100 3134; baseline -0.004 -17"><span class='ocrx_word' id='word_1_265' title='bbox 114 3059 213 3134; x_wconf 89' lang='lat' dir='ltr'>utique</span> <span class='ocrx_word' id='word_1_266' title='bbox 233 3073 296 3112; x_wconf 83' lang='lat' dir='ltr'>cunr</span> <span class='ocrx_word' id='word_1_267' title='bbox 314 3057 460 3116; x_wconf 83' lang='lat' dir='ltr'>immolant</span> <span class='ocrx_word' id='word_1_268' title='bbox 477 3054 530 3114; x_wconf 92' lang='lat' dir='ltr'>diis</span> <span class='ocrx_word' id='word_1_269' title='bbox 549 3068 579 3115; x_wconf 92' lang='lat' dir='ltr'>et</span> <span class='ocrx_word' id='word_1_270' title='bbox 598 3068 807 3129; x_wconf 84' lang='lat' dir='ltr'>exorant-cos,</span> <span class='ocrx_word' id='word_1_271' title='bbox 827 3058 890 3116; x_wconf 90' lang='lat' dir='ltr'>siue</span> <span class='ocrx_word' id='word_1_272' title='bbox 916 3056 1002 3116; x_wconf 93' lang='lat' dir='ltr'>duhio</span> <span class='ocrx_word' id='word_1_273' title='bbox 1030 3074 1100 3114; x_wconf 86' lang='lat' dir='ltr'>oon-</span> 
     </span>
     <span class='ocr_line' id='line_1_33' title="bbox 114 3139 1100 3221; baseline -0.002 -21"><span class='ocrx_word' id='word_1_274' title='bbox 114 3153 160 3200; x_wconf 88' lang='lat' dir='ltr'>tra</span> <span class='ocrx_word' id='word_1_275' title='bbox 179 3139 308 3217; x_wconf 89' lang='lat' dir='ltr'>genesim</span> <span class='ocrx_word' id='word_1_276' title='bbox 327 3159 359 3198; x_wconf 88' lang='lat' dir='ltr'>se</span> <span class='ocrx_word' id='word_1_277' title='bbox 378 3142 579 3220; x_wconf 86' lang='lat' dir='ltr'>impetraturos</span> <span class='ocrx_word' id='word_1_278' title='bbox 597 3141 703 3220; x_wconf 87' lang='lat' dir='ltr'>aliquid</span> <span class='ocrx_word' id='word_1_279' title='bbox 720 3153 850 3221; x_wconf 87' lang='lat' dir='ltr'>sperant,</span> <span class='ocrx_word' id='word_1_280' title='bbox 871 3152 901 3200; x_wconf 89' lang='lat' dir='ltr'>et</span> <span class='ocrx_word' id='word_1_281' title='bbox 918 3161 973 3220; x_wconf 87' lang='lat' dir='ltr'>per</span> <span class='ocrx_word' id='word_1_282' title='bbox 981 3142 1037 3200; x_wconf 86' lang='lat' dir='ltr'>hoc</span> <span class='ocrx_word' id='word_1_283' title='bbox 1047 3160 1100 3219; x_wconf 89' lang='lat' dir='ltr'>ge-</span> 
     </span>
     <span class='ocr_line' id='line_1_34' title="bbox 115 3223 1100 3306; baseline -0.001 -20"><span class='ocrx_word' id='word_1_284' title='bbox 115 3226 206 3286; x_wconf 80' lang='lat' dir='ltr'>nesim</span> <span class='ocrx_word' id='word_1_285' title='bbox 225 3223 347 3284; x_wconf 73' lang='lat' dir='ltr'>solvunt.</span> <span class='ocrx_word' id='word_1_286' title='bbox 395 3226 463 3286; x_wconf 88' lang='lat' dir='ltr'>Cum</span> <span class='ocrx_word' id='word_1_287' title='bbox 482 3245 552 3284; x_wconf 87' lang='lat' dir='ltr'>vero</span> <span class='ocrx_word' id='word_1_288' title='bbox 571 3225 669 3285; x_wconf 86' lang='lat' dir='ltr'>rident</span> <span class='ocrx_word' id='word_1_289' title='bbox 682 3229 729 3306; x_wconf 90' lang='lat' dir='ltr'>qni</span> <span class='ocrx_word' id='word_1_290' title='bbox 739 3226 776 3285; x_wconf 90' lang='lat' dir='ltr'>ad</span> <span class='ocrx_word' id='word_1_291' title='bbox 794 3229 927 3287; x_wconf 80' lang='lat' dir='ltr'>virtutem</span> <span class='ocrx_word' id='word_1_292' title='bbox 941 3235 1100 3304; x_wconf 84' lang='lat' dir='ltr'>provocant</span> 
     </span>
     <span class='ocr_line' id='line_1_35' title="bbox 116 3308 1101 3390; baseline -0.002 -20"><span class='ocrx_word' id='word_1_293' title='bbox 116 3321 147 3370; x_wconf 86' lang='lat' dir='ltr'>et</span> <span class='ocrx_word' id='word_1_294' title='bbox 163 3308 200 3370; x_wconf 88' lang='lat' dir='ltr'>ad</span> <span class='ocrx_word' id='word_1_295' title='bbox 214 3310 422 3370; x_wconf 80' lang='lat' dir='ltr'>continentiam</span> <span class='ocrx_word' id='word_1_296' title='bbox 440 3311 639 3383; x_wconf 76' lang='lat' dir='ltr'>cohortantur,</span> <span class='ocrx_word' id='word_1_297' title='bbox 661 3323 692 3371; x_wconf 88' lang='lat' dir='ltr'>et</span> <span class='ocrx_word' id='word_1_298' title='bbox 704 3311 813 3383; x_wconf 79' lang='lat' dir='ltr'>dicunt,</span> <span class='ocrx_word' id='word_1_299' title='bbox 833 3314 900 3390; x_wconf 90' lang='lat' dir='ltr'>quia</span> <span class='ocrx_word' id='word_1_300' title='bbox 908 3329 993 3370; x_wconf 85' lang='lat' dir='ltr'>nemo</span> <span class='ocrx_word' id='word_1_301' title='bbox 1002 3320 1101 3390; x_wconf 89' lang='lat' dir='ltr'>potest</span> 
     </span>
     <span class='ocr_line' id='line_1_36' title="bbox 116 3395 1100 3476; baseline -0.003 -19"><span class='ocrx_word' id='word_1_302' title='bbox 116 3397 216 3457; x_wconf 84' lang='lat' dir='ltr'>lacere</span> <span class='ocrx_word' id='word_1_303' title='bbox 234 3395 342 3474; x_wconf 88' lang='lat' dir='ltr'>aliquid</span> <span class='ocrx_word' id='word_1_304' title='bbox 358 3407 408 3456; x_wconf 90' lang='lat' dir='ltr'>aut</span> <span class='ocrx_word' id='word_1_305' title='bbox 423 3398 494 3476; x_wconf 89' lang='lat' dir='ltr'>pati,</span> <span class='ocrx_word' id='word_1_306' title='bbox 514 3398 574 3457; x_wconf 87' lang='lat' dir='ltr'>nisi</span> <span class='ocrx_word' id='word_1_307' title='bbox 588 3395 665 3476; x_wconf 89' lang='lat' dir='ltr'>quod</span> <span class='ocrx_word' id='word_1_308' title='bbox 682 3398 711 3456; x_wconf 94' lang='lat' dir='ltr'>ci</span> <span class='ocrx_word' id='word_1_309' title='bbox 728 3400 789 3456; x_wconf 85' lang='lat' dir='ltr'>lato</span> <span class='ocrx_word' id='word_1_310' title='bbox 803 3396 951 3456; x_wconf 84' lang='lat' dir='ltr'>decretum</span> <span class='ocrx_word' id='word_1_311' title='bbox 962 3407 1017 3468; x_wconf 91' lang='lat' dir='ltr'>est,</span> <span class='ocrx_word' id='word_1_312' title='bbox 1038 3415 1100 3455; x_wconf 89' lang='lat' dir='ltr'>om·</span> 
     </span>
     <span class='ocr_line' id='line_1_37' title="bbox 116 3475 1099 3558; baseline 0.002 -20"><span class='ocrx_word' id='word_1_313' title='bbox 116 3500 180 3540; x_wconf 87' lang='lat' dir='ltr'>nem</span> <span class='ocrx_word' id='word_1_314' title='bbox 198 3481 332 3558; x_wconf 83' lang='lat' dir='ltr'>prolecto</span> <span class='ocrx_word' id='word_1_315' title='bbox 351 3475 455 3542; x_wconf 82' lang='lat' dir='ltr'>cultum</span> <span class='ocrx_word' id='word_1_316' title='bbox 474 3480 628 3542; x_wconf 87' lang='lat' dir='ltr'>divinitatis</span> <span class='ocrx_word' id='word_1_317' title='bbox 646 3481 829 3542; x_wconf 86' lang='lat' dir='ltr'>abscindunt.</span> <span class='ocrx_word' id='word_1_318' title='bbox 862 3479 934 3554; x_wconf 83' lang='lat' dir='ltr'>Quid</span> <span class='ocrx_word' id='word_1_319' title='bbox 955 3481 1030 3540; x_wconf 89' lang='lat' dir='ltr'>enim</span> <span class='ocrx_word' id='word_1_320' title='bbox 1048 3501 1099 3540; x_wconf 89' lang='lat' dir='ltr'>co·</span> 
     </span>
     <span class='ocr_line' id='line_1_38' title="bbox 117 3566 1099 3647; baseline 0.001 -23"><span class='ocrx_word' id='word_1_321' title='bbox 117 3567 158 3626; x_wconf 84' lang='lat' dir='ltr'>las</span> <span class='ocrx_word' id='word_1_322' title='bbox 175 3585 241 3636; x_wconf 88' lang='lat' dir='ltr'>eos,-</span> <span class='ocrx_word' id='word_1_323' title='bbox 260 3583 278 3624; x_wconf 84' lang='lat' dir='ltr'>a</span> <span class='ocrx_word' id='word_1_324' title='bbox 296 3567 396 3645; x_wconf 90' lang='lat' dir='ltr'>quihus</span> <span class='ocrx_word' id='word_1_325' title='bbox 414 3568 576 3645; x_wconf 84' lang='lat' dir='ltr'>promereri</span> <span class='ocrx_word' id='word_1_326' title='bbox 594 3567 663 3628; x_wconf 88' lang='lat' dir='ltr'>nihil</span> <span class='ocrx_word' id='word_1_327' title='bbox 682 3569 792 3647; x_wconf 75' lang='lat' dir='ltr'>possiS,</span> <span class='ocrx_word' id='word_1_328' title='bbox 821 3566 897 3646; x_wconf 91' lang='lat' dir='ltr'>quod</span> <span class='ocrx_word' id='word_1_329' title='bbox 924 3587 981 3626; x_wconf 90' lang='lat' dir='ltr'>uon</span> <span class='ocrx_word' id='word_1_330' title='bbox 1007 3567 1099 3646; x_wconf 86' lang='lat' dir='ltr'>patia-</span> 
     </span>
     <span class='ocr_line' id='line_1_39' title="bbox 117 3648 1096 3712; baseline -0.001 -3"><span class='ocrx_word' id='word_1_331' title='bbox 117 3662 163 3709; x_wconf 89' lang='lat' dir='ltr'>tur</span> <span class='ocrx_word' id='word_1_332' title='bbox 180 3651 254 3708; x_wconf 90' lang='lat' dir='ltr'>ratio</span> <span class='ocrx_word' id='word_1_333' title='bbox 274 3649 403 3711; x_wconf 81' lang='lat' dir='ltr'>decreti?</span> <span class='ocrx_word' id='word_1_334' title='bbox 423 3653 502 3711; x_wconf 82' lang='lat' dir='ltr'>llaec</span> <span class='ocrx_word' id='word_1_335' title='bbox 520 3648 633 3710; x_wconf 78' lang='lat' dir='ltr'>interim</span> <span class='ocrx_word' id='word_1_336' title='bbox 660 3652 798 3712; x_wconf 86' lang='lat' dir='ltr'>adversus</span> <span class='ocrx_word' id='word_1_337' title='bbox 824 3652 889 3710; x_wconf 91' lang='lat' dir='ltr'>illos</span> <span class='ocrx_word' id='word_1_338' title='bbox 916 3651 995 3710; x_wconf 84' lang='lat' dir='ltr'>dieta</span> <span class='ocrx_word' id='word_1_339' title='bbox 1020 3662 1096 3710; x_wconf 86' lang='lat' dir='ltr'>sunt.</span> 
     </span>
     <span class='ocr_line' id='line_1_40' title="bbox 116 3734 1099 3816; baseline 0 -22"><span class='ocrx_word' id='word_1_340' title='bbox 116 3734 180 3813; x_wconf 81' lang='lat' dir='ltr'>Ego</span> <span class='ocrx_word' id='word_1_341' title='bbox 198 3753 269 3796; x_wconf 88' lang='lat' dir='ltr'>vero</span> <span class='ocrx_word' id='word_1_342' title='bbox 288 3737 419 3796; x_wconf 86' lang='lat' dir='ltr'>mundum</span> <span class='ocrx_word' id='word_1_343' title='bbox 438 3736 504 3796; x_wconf 84' lang='lat' dir='ltr'>dieo</span> <span class='ocrx_word' id='word_1_344' title='bbox 522 3736 613 3796; x_wconf 86' lang='lat' dir='ltr'>adeo</span> <span class='ocrx_word' id='word_1_345' title='bbox 631 3737 750 3810; x_wconf 83' lang='lat' dir='ltr'>iactum,</span> <span class='ocrx_word' id='word_1_346' title='bbox 771 3748 802 3796; x_wconf 91' lang='lat' dir='ltr'>et</span> <span class='ocrx_word' id='word_1_347' title='bbox 818 3737 854 3796; x_wconf 92' lang='lat' dir='ltr'>ah</span> <span class='ocrx_word' id='word_1_348' title='bbox 881 3738 945 3816; x_wconf 90' lang='lat' dir='ltr'>ipso</span> <span class='ocrx_word' id='word_1_349' title='bbox 971 3734 1099 3814; x_wconf 89' lang='lat' dir='ltr'>quaudo·</span> 
     </span>
     <span class='ocr_line' id='line_1_41' title="bbox 116 3818 1099 3902; baseline 0 -23"><span class='ocrx_word' id='word_1_350' title='bbox 116 3836 172 3899; x_wconf 87' lang='lat' dir='ltr'>que</span> <span class='ocrx_word' id='word_1_351' title='bbox 192 3818 256 3880; x_wconf 80' lang='lat' dir='ltr'>esse</span> <span class='ocrx_word' id='word_1_352' title='bbox 274 3821 451 3893; x_wconf 85' lang='lat' dir='ltr'>solvendum,</span> <span class='ocrx_word' id='word_1_353' title='bbox 471 3833 502 3880; x_wconf 94' lang='lat' dir='ltr'>ut</span> <span class='ocrx_word' id='word_1_354' title='bbox 519 3822 568 3882; x_wconf 88' lang='lat' dir='ltr'>ille</span> <span class='ocrx_word' id='word_1_355' title='bbox 586 3833 724 3901; x_wconf 85' lang='lat' dir='ltr'>appareat</span> <span class='ocrx_word' id='word_1_356' title='bbox 741 3824 789 3902; x_wconf 91' lang='lat' dir='ltr'>qui</span> <span class='ocrx_word' id='word_1_357' title='bbox 806 3833 941 3881; x_wconf 85' lang='lat' dir='ltr'>aeternus</span> <span class='ocrx_word' id='word_1_358' title='bbox 960 3833 1006 3881; x_wconf 89' lang='lat' dir='ltr'>est</span> <span class='ocrx_word' id='word_1_359' title='bbox 1023 3820 1099 3880; x_wconf 84' lang='lat' dir='ltr'>etad</span> 
     </span>
    </p>
   </div>
   <div class='ocr_carea' id='block_1_8' title="bbox 117 3905 1095 4051">
    <p class='ocr_par' dir='ltr' id='par_1_9' title="bbox 117 3905 1095 4051">
     <span class='ocr_line' id='line_1_42' title="bbox 117 3905 1095 4051; baseline 0.003 -88"><span class='ocrx_word' id='word_1_360' title='bbox 117 3905 174 3964; x_wconf 85' lang='lat' dir='ltr'>hoe</span> <span class='ocrx_word' id='word_1_361' title='bbox 192 3905 296 3978; x_wconf 83' lang='lat' dir='ltr'>laetus,</span> <span class='ocrx_word' id='word_1_362' title='bbox 314 3918 348 3966; x_wconf 92' lang='lat' dir='ltr'>ut</span> <span class='ocrx_word' id='word_1_363' title='bbox 365 3926 479 3988; x_wconf 83' lang='lat' dir='ltr'>semper</span> <span class='ocrx_word' id='word_1_364' title='bbox 497 3908 534 3968; x_wconf 89' lang='lat' dir='ltr'>sit</span> <span class='ocrx_word' id='word_1_365' title='bbox 552 3918 582 3968; x_wconf 92' lang='lat' dir='ltr'>et</span> <span class='ocrx_word' id='word_1_366' title='bbox 599 3906 703 3986; x_wconf 87' lang='lat' dir='ltr'>dignos</span> <span class='ocrx_word' id='word_1_367' title='bbox 721 3927 752 3968; x_wconf 88' lang='lat' dir='ltr'>se</span> <span class='ocrx_word' id='word_1_368' title='bbox 770 3908 892 4051; x_wconf 65' lang='lat' dir='ltr'>reoiqqiqt</span> <span class='ocrx_word' id='word_1_369' title='bbox 910 3905 1017 3966; x_wconf 88' lang='lat' dir='ltr'>iudicio</span> <span class='ocrx_word' id='word_1_370' title='bbox 1036 3905 1095 3966; x_wconf 86' lang='lat' dir='ltr'>dei.</span> 
     </span>
    </p>
   </div>
   <div class='ocr_carea' id='block_1_9' title="bbox 0 0 1322 4400">
    <p class='ocr_par' dir='ltr' id='par_1_10' title="bbox 0 0 1322 4400">
     <span class='ocr_line' id='line_1_43' title="bbox 0 0 1322 4400; baseline 0 0"><span class='ocrx_word' id='word_1_371' title='bbox 0 0 1322 4400; x_wconf 95' lang='lat' dir='ltr'> </span> 
     </span>
    </p>
   </div>
  </div>
 </body>
</html>
