2634 4400
673 219 746 295 22⁰

137 468 145 483 κ
217 428 336 503 audiens
354 440 448 502 muter
466 426 501 489 de
520 429 723 507 recognitione
742 428 843 508 putris,
871 448 957 491 eursu
984 429 1101 489 concito
1120 430 1207 496 irruit

217 520 247 578 in
264 513 387 589 mediunr
405 517 508 587 nostri,
530 534 593 573 cum
613 516 739 575 clamore
760 514 876 573 dicens:
907 514 960 573 Ubi
978 526 1024 574 est
1041 535 1120 575 rocus
1147 518 1203 589 uir,

216 623 297 665 uncus
308 602 436 668 dominus
446 600 655 675 Faustinianus,
675 602 723 679 qui
741 611 797 659 tom
814 602 910 659 moitis
927 600 1104 679 temporibus
1121 601 1206 666 atui·

219 692 308 767 gitur,
329 687 474 747 ambulans
496 706 550 765 per
580 687 667 745 orbes
685 686 810 763 singulos
829 696 860 744 et
876 704 921 744 me
941 691 1103 765 quoereosi
1123 686 1204 748 Haec

218 795 281 835 cunr
307 774 356 832 iila
376 773 469 853 ,qussi
492 790 590 831 amens
618 772 755 831 clamaret
777 782 808 830 ct
826 771 1083 850 circumspiceret,
1110 791 1205 831 senex

217 878 373 929 occurrens
392 876 455 934 cupu
473 858 566 931 multis
585 857 711 930 lucrinus
728 856 904 935 ampiectiet
920 858 1123 935 constringere
1139 877 1204 924 eam

218 945 326 1023 coepit.
373 942 411 1001 Et
429 962 491 1003 euru
510 943 581 1001 haec
601 953 786 1020 gererentur,
806 941 907 1001 Petrus
925 944 1041 1019 rogavit
1057 943 1155 1003 turbas
1174 954 1206 1007 nt

218 1028 413 1101 discederent,
434 1027 534 1087 dicens
552 1026 774 1089 inverecundum
794 1046 859 1086 esso
877 1027 1131 1105 nitrepersistere,
1150 1027 1204 1087 sed

218 1113 339 1175 dandum
358 1115 400 1189 eis
418 1114 512 1187 lopuna
529 1113 697 1189 familiarius
714 1113 837 1172 invicem
856 1131 887 1171 se
915 1111 1046 1185 videndi;
1076 1114 1203 1173 erastino

217 1211 312 1260 auteur
332 1199 389 1269 hic,
410 1199 512 1276 inquit,
533 1200 557 1257 si
576 1199 623 1276 qui
642 1208 768 1258 vestrum
785 1198 894 1271 ruunt,
916 1199 1091 1262 conueniant
1107 1197 1205 1258 adnu-

218 1284 350 1345 diendnur
368 1284 497 1343 verbum.
982 1327 987 1337 .

259 1368 315 1428 58.
363 1368 446 1429 ilisa
467 1368 553 1429 Petro
573 1367 657 1427 dictis
676 1380 861 1441 secesserunt
879 1370 992 1442 turbae,
1012 1380 1043 1429 et
1060 1388 1124 1432 eum
1142 1370 1204 1430 vei-

116 1440 118 1445 *
218 1458 307 1517 lentus
326 1475 379 1514 nos
398 1472 510 1533 quoque
530 1456 573 1513 ire
592 1453 628 1513 ad
647 1455 812 1531 hospitium,
833 1454 963 1517 domiuus
981 1454 1081 1514 domus
1107 1456 1148 1515 ait
1165 1454 1204 1513 ad

215 1562 286 1601 nes:
315 1540 410 1618 Turpe
430 1550 475 1599 est
493 1550 523 1599 et
540 1540 654 1618 impium
674 1540 747 1599 totos
774 1559 809 1599 ne
829 1550 923 1599 tentos
941 1542 1019 1604 viros
1037 1559 1154 1609 nouom
1173 1542 1202 1599 in

218 1625 341 1699 embolo,
363 1645 426 1683 curu
446 1644 502 1703 ego
522 1644 633 1683 omnem
651 1644 745 1702 paene
764 1624 876 1697 domum
894 1636 1043 1691 tacentem
1069 1625 1201 1699 bebeour,

217 1712 367 1789 lectosque
386 1721 493 1769 stratos
512 1712 732 1790 quamplurimos
750 1721 783 1769 et
798 1729 872 1789 quac
890 1712 1056 1776 neccssaria
1073 1722 1139 1772 suut
1151 1731 1204 1789 pa·

217 1808 291 1857 rata.
340 1794 400 1855 Sed
419 1795 505 1855 Petro
517 1796 749 1869 contradicente,
769 1796 1202 1873 uuorpetrisiatniliasuuucun

218 1881 317 1942 liberis
335 1882 393 1939 suis
410 1880 575 1959 prostrabat
592 1901 624 1941 se
642 1892 709 1939 onte
729 1892 792 1941 eunt
811 1892 842 1939 ct
855 1880 1123 1956 exorabatdippns:
1145 1881 1203 1941 Ob·

124 2004 129 2011 -
218 1984 303 2028 secro
322 1976 364 2037 te,
384 1985 468 2037 mane
487 1965 562 2044 opud
579 1986 643 2025 nos.
692 1964 752 2024 Sed
770 1986 806 2025 ue
824 1968 868 2025 sic
892 1966 1004 2045 quidem
1031 1966 1203 2045 adquiesce-

217 2051 268 2111 ltat
286 2049 398 2121 Petrus,
428 2048 521 2109 donec
551 2050 607 2109 iilia
633 2070 733 2110 eorum
760 2052 808 2129 qui
824 2052 979 2128 regebant,
998 2052 1035 2111 ab
1059 2050 1202 2111 immundo

217 2137 317 2215 spiritu
336 2135 510 2214 temporiiaus
530 2138 621 2195 multis
639 2147 743 2196 vexato
761 2138 1027 2212 etcatcuisuincto,
1048 2156 1122 2217 quae
1138 2138 1203 2198 sue-

217 2234 263 2283 rat
280 2225 356 2282 intra
374 2221 511 2282 conclave
531 2223 638 2294 clausa,
660 2223 786 2300 effugato
804 2243 822 2282 a
840 2243 871 2282 se
895 2223 1036 2283 daemone
1064 2235 1095 2282 et
1120 2225 1203 2288 ostiis

216 2309 369 2387 patefactis
388 2327 451 2366 cunr
470 2311 580 2368 catcuis
598 2309 657 2368 suis
675 2310 795 2368 venicus
812 2307 938 2386 procidit
955 2307 992 2367 ad
1009 2307 1099 2389 pedes
1109 2308 1221 2380 Petit,-

143 2410 148 2433 ·'
218 2393 335 2454 diceus:
356 2393 476 2454 Rectum
494 2405 541 2454 est
558 2396 595 2452 nri
619 2393 797 2466 dominc,‚ut
813 2413 883 2472 agas
901 2393 988 2455 hodie
1007 2395 1052 2453 iric
1067 2394 1203 2456 salutaria

217 2499 293 2551 mea,
321 2490 351 2540 et
378 2498 434 2537 non
462 2481 617 2540 contristes
642 2498 736 2558 neque
763 2497 809 2538 nte
835 2499 929 2559 neque
955 2490 1090 2556 parentes
1108 2499 1199 2542 meos.

218 2564 305 2624 Petro
329 2575 423 2624 nutem
441 2567 607 2642 requirente
627 2576 791 2624 catenarum
810 2584 1028 2643 sermonumque
1046 2567 1202 2624 eiuseous-

218 2669 289 2720 sam,
310 2660 444 2726 parentes
462 2661 580 2726 praeter
597 2669 675 2728 sporn
694 2651 763 2710 laeti
781 2650 879 2708 effecti
898 2649 933 2710 de
961 2651 1038 2711 ntiae
1064 2651 1199 2722 sonitate,

218 2735 296 2794 velut
313 2744 430 2810 stupore
449 2733 569 2811 quodam
587 2734 709 2795 adtoniti
727 2736 781 2812 ipsi
800 2735 914 2812 quidem
933 2734 1199 2816 dicerencqueunt,

219 2818 367 2878 adstantes
385 2828 478 2890 anteon
498 2817 593 2877 famuli
612 2821 706 2879 aiunt:
728 2818 807 2878 Haec
826 2840 843 2878 a
860 2822 982 2898 septimo
1000 2822 1104 2889 aetatis
1126 2840 1201 2880 enno

217 2925 236 2964 a
262 2902 403 2973 daemone
425 2914 584 2981 occupata,
614 2906 784 2984 omnesqui
810 2905 954 2966 accedero
981 2917 1144 2982 tentassent
1164 2905 1202 2964 ad

218 3008 294 3062 earn,
314 2986 461 3062 scindere,
483 2988 619 3050 dilaniare
630 2990 782 3063 morsibus,
803 2990 1090 3070 ctiamdisrutnpere,
1105 2992 1200 3066 ethoc

217 3094 270 3154 per
289 3075 388 3152 viginti
404 3095 498 3140 annos
517 3095 605 3155 usque
623 3073 817 3154 adpraesens
834 3078 933 3136 faeere
952 3095 1094 3156 nunquan
1112 3075 1202 3141 desti·
1309 3118 1310 3165 g

218 3163 263 3230 tit,
284 3179 338 3218 nec
357 3160 393 3220 ab
413 3162 507 3239 aliquo
526 3163 618 3239 potuit
636 3164 743 3234 curari,
765 3162 817 3221 sed
839 3181 876 3222 ne
904 3161 1048 3222 accedere
1074 3161 1112 3221 ad
1138 3182 1201 3222 ean

218 3247 364 3325 quisquam
382 3246 512 3319 volebat,
533 3248 635 3314 nnuitos
655 3248 730 3323 enirn
758 3247 873 3318 inutiles
899 3245 1043 3326 reddidit,
1072 3247 1144 3306 aiios
1171 3258 1202 3308 et

217 3331 351 3408 peremit,
374 3332 502 3392 omnihus
521 3333 596 3390 enirn
613 3333 684 3390 viris
701 3330 825 3392 validior
842 3343 917 3403 erut,
946 3334 1009 3394 sine
1029 3331 1114 3390 dubio
1132 3334 1201 3392 viri-

216 3415 270 3479 bus
288 3413 435 3474 dacmonis
453 3417 526 3476 uisu.
557 3414 657 3492 Nunc
676 3427 770 3476 auteur
789 3428 820 3476 ut
845 3417 943 3490 vides,
973 3437 1011 3477 ex
1036 3419 1201 3495 praesentia
1308 3464 1309 3469 η

218 3502 259 3572 tui
278 3499 398 3572 daemon
418 3500 530 3579 quidem
550 3501 634 3578 fugit,
656 3502 730 3562 ostio
747 3521 817 3562 vero
837 3522 909 3583 quae
928 3522 1036 3576 sumno
1058 3522 1123 3565 oum
1140 3523 1201 3564 nru-

217 3586 344 3646 uimento
363 3587 460 3644 clausa
477 3586 602 3657 fucrant,
622 3597 724 3664 aperta
739 3598 816 3659 sunt
846 3599 876 3646 et
891 3589 954 3666 ipso
972 3608 1042 3649 sena
1059 3599 1118 3648 stet
1134 3599 1200 3664 onte

132 3665 134 3673 '
217 3683 247 3730 te
264 3691 383 3748 rogans,
403 3681 435 3728 ut
452 3667 527 3730 diem
545 3671 708 3732 salutarium
726 3693 841 3734 suorum
859 3674 965 3735 iactum
984 3685 1015 3734 et
1031 3675 1086 3752 ipsi
1104 3685 1136 3732 et
1151 3693 1202 3752 pa·

216 3758 346 3816 rentibus
365 3755 467 3826 iacias,
488 3766 519 3828 ct
535 3775 651 3830 nocens
669 3756 745 3835 npud
762 3777 825 3818 ees.
871 3758 954 3821 Haeo
981 3778 1044 3823 cunr
1071 3760 1113 3818 ita
1130 3779 1201 3818 unus

216 3859 256 3908 ,ex
273 3840 385 3925 faunuiis
403 3852 580 3914 enarresset,
600 3853 630 3902 ct
648 3844 728 3922 ipsae
746 3853 868 3907 catenam
887 3842 924 3904 de
941 3844 1072 3917 manius
1090 3845 1152 3904 eius
1165 3863 1200 3902 ac
