2634 4400
666 277 732 339 iiiii

594 371 807 382 -ο-ο-νω--α

156 463 164 475 ⁸
208 489 271 560 lilii,
293 485 381 546 dieite
399 485 478 557 mibi,
499 503 571 564 quae
586 482 753 558 ,acciderint
768 480 850 541 robis
876 490 942 560 post
969 481 1044 540 illam
1071 482 1193 542 ieralenu

207 583 239 632 et
256 569 480 630 crudelissimam
498 579 624 629 noctem.

249 657 306 716 52.
352 655 422 713 Tum
441 652 546 714 Niceta
564 654 663 732 coepit
681 650 806 711 dicerer.
818 651 850 710 ln
869 652 919 710 illa
934 662 1036 723 nocte,
1057 663 1190 724 omater,

208 760 271 802 cum
290 741 370 800 navis
389 740 489 798 luisset
507 739 634 798 resoluta
654 748 685 796 et
701 757 755 796 nos
774 738 929 795 innitentes
948 736 1111 814 fragmento
1131 738 1194 796 eni-

208 825 271 885 danr
293 825 448 884 tabularum
469 843 522 902 por
539 823 658 901 pelagus
677 824 860 893 instaremus,
879 823 934 880 viri
954 819 1065 898 quidam
1092 821 1194 900 quibus

207 927 262 991 per
279 908 447 989 profundum
467 909 633 967 latrocinari
651 907 802 966 artificium
826 916 882 978 est,
903 916 1037 985 repertos
1048 907 1193 984 imposue-

207 1007 274 1056 runt
291 1015 344 1053 nos
363 994 511 1052 naviculae
530 1011 610 1062 suae,
632 1003 663 1052 et
675 993 762 1051 remis
771 991 908 1050 undarum
918 992 1044 1050 vortices
1052 1010 1194 1069 superan-

207 1089 264 1152 tes,
286 1078 406 1138 diversis
434 1077 582 1136 itineribus
606 1077 779 1136 Caesaream
809 1076 953 1135 Stratonis
980 1075 1191 1154 perduxerunt,

209 1165 305 1242 ibique
324 1162 496 1240 udliigeutes
515 1181 567 1220 nes
586 1163 673 1232 lame,
693 1161 873 1231 verberibus,
893 1171 981 1232 metu,
1003 1161 1042 1219 uti
1062 1179 1098 1219 nc
1117 1159 1194 1239 quod

209 1258 288 1308 essct
305 1249 333 1306 in
351 1267 422 1306 vero
441 1245 639 1325 proderemus,
660 1247 812 1305 immutatis
839 1248 925 1306 etiam
952 1245 1112 1304 nominibus
1140 1265 1194 1304 no-

209 1334 276 1392 stris
295 1331 485 1392 vendiderunt
502 1351 555 1390 nos
574 1331 686 1390 cuidam
704 1329 818 1402 viduae,
837 1332 978 1391 honestae
988 1327 1139 1389 admodum
1149 1329 1195 1389 ie·

208 1417 315 1489 minue,
336 1417 430 1476 iustae
448 1417 581 1489 nomine3
603 1436 677 1495 quae
696 1436 759 1474 cum
778 1418 905 1484 emisset,
926 1414 1025 1474 babuit
1043 1415 1196 1474 locoiilio-

209 1523 281 1574 rum,
303 1504 343 1560 ite
361 1513 392 1560 ut
410 1503 495 1561 etiam
514 1500 635 1560 Graecis
653 1521 706 1560 nos
724 1502 816 1560 literis
835 1512 865 1561 et
883 1500 1047 1560 liberalibus
1061 1500 1196 1560 attentis·

209 1590 279 1647 sime
299 1585 440 1647 erudiret.
488 1585 541 1645 Ubi
560 1605 629 1645 vero
647 1585 836 1657 nutrierimus,
857 1588 941 1645 etiam
961 1585 1195 1664 pbilosophorum

209 1671 311 1734 studiis
338 1691 452 1750 operam
482 1668 625 1741 dedimus,
655 1692 711 1750 quo
737 1673 876 1750 possimus
903 1671 1053 1748 religionis
1080 1669 1195 1729 divinae

210 1756 344 1836 dogmata
361 1755 566 1848 pbilosopbicis
584 1755 821 1836 disputationibus
847 1755 1016 1816 adserentes
1043 1756 1195 1814 confutare

211 1841 368 1920 gentiles.'
631 1841 633 1845 ’

252 1926 308 1985 55.
356 1925 466 1985 Simoni
485 1938 578 1994 autem
598 1926 708 1985 cuidam
727 1945 812 2004 mago
830 1928 877 2005 qui
896 1927 1108 1986 nobiseumnna
1124 1923 1196 1986 edne

211 2021 290 2076 catus
310 2021 364 2082 est,
384 2031 437 2089 pro
455 2013 587 2070 amicitiis
606 2023 636 2070 et
653 2013 757 2092 puerili
776 2011 982 2072 consuetudine
1001 2009 1194 2081 adhaesimus,

210 2097 252 2155 ita
269 2097 301 2154 ul
318 2115 413 2174 poene
431 2096 466 2155 ab
486 2115 521 2155 eo
541 2095 644 2176 decipi¹
655 2093 816 2176 possemus.
863 2096 966 2156 Fertur
983 2097 1057 2156 enim
1076 2097 1105 2152 in
1124 2093 1195 2154 reli-

210 2183 299 2261 gione
319 2192 417 2241 nostra
435 2201 529 2241 sermo
549 2179 585 2242 de
605 2182 747 2262 propbeta
765 2180 898 2262 quodam,
919 2183 999 2242 cuius
1017 2180 1052 2239 ab
1064 2180 1195 2240 omnibns

133 2258 141 2271 '
211 2268 259 2347 qui
277 2267 412 2345 religioni
430 2267 495 2327 bulo
515 2266 681 2327 deserviunt
699 2279 867 2346 speraretur
878 2266 1027 2338 adventus,
1047 2284 1195 2345 perquem

210 2352 378 2411 immortalis
405 2364 435 2412 et
460 2353 545 2415 beata
570 2355 629 2413 vita
656 2352 841 2413 credentibus
877 2352 970 2412 danda
1004 2352 1191 2430 promittitur.

210 2434 292 2496 Hune
312 2456 384 2515 orgo
403 2459 455 2497 nos
473 2438 640 2517 putabamus
659 2458 725 2497 csse
752 2438 909 2498 Simonem.
957 2435 1015 2496 Sed
1038 2438 1111 2496 baec
1129 2436 1194 2507 tibi,

210 2531 314 2595 mater,
335 2520 522 2601 opportunius
542 2534 734 2602 exponentur.
781 2523 843 2582 Nos
870 2524 984 2581 interim
1011 2541 1074 2580 oum
1101 2540 1196 2600 paene

186 2646 190 2654 .
211 2608 266 2665 iam
286 2605 487 2685 deciperemur
504 2628 522 2667 a
541 2608 671 2680 Simone,
693 2607 805 2687 quidam
824 2609 939 2686 collega
958 2606 1197 2666 dominimeiPe-

212 2693 250 2749 tri
268 2692 434 2750 Zacchaeus
453 2694 568 2753 nomine
593 2696 715 2765 monuit,
745 2714 781 2753 nc
799 2694 965 2753 falleremur
982 2712 1000 2751 a
1018 2712 1114 2769 mago,
1144 2689 1197 2750 scd

212 2774 315 2835 obtulit
332 2796 384 2835 uos
403 2776 566 2837 advenienti
584 2778 671 2838 Petro
689 2789 721 2845 ut
739 2778 774 2836 ab
793 2780 855 2857 ipso
875 2796 947 2858 quae
971 2787 1054 2838 erant
1074 2796 1145 2835 suna
1167 2787 1199 2835 et

211 2861 344 2940 perlecta
362 2856 549 2936 doceremur3
571 2862 647 2942 quod
665 2874 697 2921 et
713 2863 765 2921 tibi
784 2874 913 2943 optamus
932 2864 1061 2933 evenire,
1082 2863 1158 2920 sicut
1166 2872 1198 2921 et

213 2944 296 3004 nobis
316 2948 461 3005 concessit
479 2946 560 3020 deus,
580 2958 612 3006 ut
629 2949 771 3027 possimus
790 2950 875 3007 etiam
903 2948 995 3008 cibum
1024 2957 1054 3005 et
1071 2966 1197 3005 mensam

152 3047 155 3064 ·
212 3029 321 3089 babere
340 3050 526 3093 communem.
573 3032 645 3091 iiiuc
664 3052 738 3112 ergo
756 3035 820 3105 luit,
834 3043 943 3103 mater,
964 3031 1040 3110 qnod
1059 3052 1111 3089 nos
1126 3032 1198 3110 api-

211 3116 283 3175 ratis
301 3128 410 3196 raptos,
430 3128 461 3176 tu
479 3119 507 3176 in
526 3119 596 3177 mari
616 3117 769 3178 defunctos
787 3137 852 3178 esse
863 3116 1023 3177 credidisti.

253 3199 310 3261 bt.
358 3201 426 3260 Cum
445 3203 518 3261 baec
538 3202 657 3267 dixisset
679 3203 801 3274 Niceta‚
829 3213 923 3263 mater
948 3213 1046 3261 nostra
1072 3201 1199 3281 procidat

213 3283 250 3343 nd
267 3284 358 3363 pedes
377 3286 467 3357 Petri,
488 3307 595 3364 regens
615 3300 645 3346 ct
664 3288 832 3361 obsecrans,
853 3300 885 3347 nt
902 3300 932 3347 et
949 3289 1072 3365 seipsam
1096 3298 1127 3346 et
1144 3286 1199 3345 bo-

212 3370 312 3447 spitam
332 3390 409 3427 suam
429 3383 565 3429 evocaret
588 3373 649 3431 sine
669 3391 749 3429 mora
765 3392 800 3431 ae
818 3374 989 3453 baptizaret,
1009 3372 1049 3429 uti
1072 3392 1108 3432 ne
1127 3392 1195 3443 uua,

212 3454 315 3532 inquit,
337 3451 383 3511 die
402 3453 531 3512 damnum
550 3457 642 3533 patiar
669 3458 814 3524 consortii,
835 3471 866 3518 et
891 3458 1040 3518 societatis
1067 3468 1197 3516 natorum

212 3556 351 3597 meorum.
400 3536 538 3596 Similiter
555 3550 648 3599 autem
669 3552 699 3599 et
716 3561 769 3601 nos
786 3543 837 3602 lilii
856 3545 918 3603 eius
944 3542 1116 3620 rogabamus
1143 3540 1200 3600 Pe·

212 3632 298 3682 trum.
343 3620 384 3681 At
401 3621 467 3681 ille:
489 3622 561 3697 Quid
580 3627 697 3703 putatis,
717 3627 819 3707 inquit,
841 3630 907 3707 quia
925 3647 982 3706 ego
993 3628 1198 3687 immisericors

214 3726 273 3765 sum
292 3709 381 3781 solus,
402 3718 433 3767 et
451 3707 517 3766 nolli
536 3729 586 3769 vos
605 3713 982 3774 matrisconviviosociari‘i
1001 3710 1062 3771 Sed
1074 3730 1198 3771 necesse

138 3842 144 3877 Ι,
209 3802 259 3849 cst
277 3810 338 3851 eam
357 3793 403 3851 vel
421 3812 478 3852 nna
497 3791 544 3853 die
563 3796 692 3856 ieiunare
709 3799 788 3877 prius
806 3798 893 3858 etita
911 3797 1063 3876 baptizari,
1093 3806 1124 3855 et
1141 3797 1198 3855 boc

215 3876 281 3951 quin
300 3896 460 3937 sermonem
480 3878 516 3935 ab
536 3898 570 3937 oa
589 3880 728 3957 quendam
747 3881 854 3953 audivi,
874 3900 1028 3962 perquem
1047 3878 1114 3940 mibi
1125 3880 1197 3940 fides
