2634 4400
630 247 659 308 ὅ.

530 341 744 354 ιιι-ιιι..
768 347 777 355 .

145 455 219 514 ultra
237 455 344 533 poterit
362 455 511 514 venitatem
533 455 627 525 visus,
656 453 807 514 verborum
830 455 944 516 fallacia
965 467 996 516 ct
1017 455 1127 517 auditio

145 542 257 599 incerta
285 539 411 600 turbare.
461 540 656 600 Veruntamen
683 541 756 598 bane
778 542 866 619 ipsam
890 540 1126 602 deliberationem

145 645 235 684 meam
263 625 347 683 retuli
374 624 411 684 ad
438 624 577 705 quendam
603 625 770 684 familiarem
798 645 888 686 meum
915 627 1125 706 pbilosopbum,

144 711 192 788 qui
218 710 287 768 inihi
311 711 458 776 consilium
482 708 576 781 dedit,
602 727 638 768 ne
663 709 718 768 boe
740 711 841 769 lacere
862 711 1010 771 auderem,
1057 713 1126 772 Sive

145 795 232 866 enim,
261 795 362 873 iuquit,
392 796 524 854 evocanti
550 815 634 872 mago
662 815 719 852 nou
742 794 859 854 obediat
875 797 984 867 anima,
1012 807 1042 854 tu
1059 807 1127 875 post

144 879 228 951 baec,
249 891 388 958 tamqnam
408 880 476 938 nihil
496 899 560 939 esse
580 890 680 958 putans
706 891 772 956 post
797 892 930 952 mortem,
959 880 1126 959 desperabi-

145 965 202 1023 lius
215 965 306 1036 vives,
328 966 430 1044 quippe
450 966 495 1044 qai
515 975 546 1024 et
562 964 662 1024 illicita
679 965 848 1023 tentaveris.
887 964 918 1023 Si
937 983 1007 1023 vero
1025 977 1056 1023 et
1072 967 1127 1024 ali-

143 1049 210 1128 quid
229 1050 267 1108 ibi
285 1048 385 1108 videre
403 1049 454 1108 tibi
472 1051 548 1113 visus
568 1049 668 1120 lucris,
689 1068 761 1128 quae
779 1049 831 1107 tibi
849 1050 965 1128 religio,
985 1061 1034 1108 aut
1052 1069 1125 1128 quae

143 1134 235 1214 pietus
254 1153 291 1193 ex
309 1135 416 1192 illicitis
434 1134 564 1193 tradetur
581 1145 611 1193 et
628 1135 740 1212 impiis?
766 1135 890 1194 Erosum
914 1154 1034 1212 namque
1052 1132 1126 1192 divi-

143 1221 224 1278 uitati
244 1219 438 1278 huiuscemodi
458 1221 603 1298 negotium
623 1220 734 1292 lerunt,
754 1230 784 1278 et
801 1218 949 1278 adversari
968 1218 1051 1278 deum
1065 1219 1123 1310 bis,

143 1305 190 1382 qui
209 1305 316 1362 animas
334 1316 399 1384 post
417 1304 624 1364 absolutionem
643 1323 794 1383 corporum
813 1315 929 1362 vexant.
975 1303 1051 1382 Ego
1053 1324 1124 1362 vero

142 1389 186 1446 his
204 1388 319 1462 auditis,
340 1391 450 1468 pigrior
468 1389 580 1468 quidem
599 1409 658 1448 sum
678 1387 807 1448 redditus
824 1388 860 1448 ad
878 1388 934 1446 boc
952 1387 1028 1467 quod
1040 1408 1125 1466 para·

142 1473 217 1546 bam,
238 1493 296 1539 uec
312 1485 406 1534 tamen
424 1492 627 1552 usquequaque
645 1485 694 1532 aut
718 1472 889 1532 desiderium
912 1492 1022 1551 ponere
1040 1483 1124 1550 pote·

142 1579 219 1630 ram,
243 1570 292 1618 aut
310 1560 468 1618 molestiam
488 1559 673 1636 cogitationis
691 1557 831 1616 abiicere.

184 1641 227 1702 ll.‘
264 1644 301 1702 tta
319 1663 355 1702 ne
375 1645 460 1722 longa
478 1656 542 1703 utar
559 1644 736 1713 narratione,
749 1662 813 1700 cum
831 1642 875 1700 bis
893 1661 950 1720 ego
969 1642 1124 1719 cogitatio·

141 1729 186 1788 uis
208 1748 289 1788 meae
308 1729 433 1788 aestibus
452 1731 595 1808 agitarer,
615 1729 690 1785 bama
708 1725 845 1805 quaedam
863 1727 968 1786 sensim
987 1728 1015 1785 iu
1034 1727 1123 1805 impe·

140 1815 186 1872 rio
203 1813 310 1874 Tiberii
330 1813 474 1885 Caesaris,
495 1814 577 1872 initio
596 1831 633 1870 cx
652 1811 778 1871 Orientis
791 1811 917 1890 partibus
932 1823 1035 1882 sumto,
1055 1831 1123 1889 per-

120 1899 220 1981 'veuit
237 1897 274 1957 ad
292 1919 355 1971 nos,
377 1909 407 1957 et
424 1918 477 1978 per
494 1898 605 1975 singula
624 1897 841 1967 convalescens,
863 1897 973 1956 veluta
996 1896 1052 1955 deo
1070 1896 1122 1954 bo·
1206 1893 1218 1902 ’

140 2003 193 2042 nus
213 1982 323 2062 quidam
343 1984 456 2042 nuntius
475 1984 587 2054 missus,
608 1982 770 2041 uuiversum
788 1981 920 2061 replebat
934 1981 1045 2051 orbem,
1065 1999 1122 2040 uec

141 2067 313 2146 patiebatur
320 2067 440 2127 divinam
459 2068 632 2126 uoluntatem
651 2067 767 2125 silentio
785 2068 858 2144 tegi.
905 2064 1123 2124 Diffundebatur

141 2172 213 2230 ergo
232 2172 299 2240 per
295 2153 412 2232 singula
431 2153 506 2224 losa,
532 2151 718 2223 adnuntians,
747 2150 824 2231 quod
851 2161 930 2211 esset
953 2149 1100 2230 quidam
1091 2171 1121 2211 ιιι

123 2238 257 2308 judaea,
278 2240 325 2318 qui
348 2249 474 2297 sumtoa
501 2250 630 2317 tempore
656 2238 734 2295 veris
761 2235 897 2306 exordio,
927 2255 981 2312 reg
982 2256 1045 2294 aum
1073 2235 1122 2294 dei

140 2324 354 2401 euangelizaret
381 2322 508 2394 ludaeis,
538 2322 623 2401 idque
650 2332 839 2420 percepturos
858 2320 971 2378 diceret
989 2339 1051 2390 eos,
1073 2321 1121 2397 qui

141 2407 334 2471 mandatorum
352 2426 467 2465 suorum
490 2419 521 2466 et
547 2405 696 2477 doctrinae
715 2406 844 2463 instituta
861 2414 1036 2464 servassent.
1084 2404 1121 2463 Ut

139 2503 233 2552 autem
261 2512 355 2551 sermo
383 2492 445 2550 eius
473 2490 529 2549 lide
553 2490 667 2569 diguus,
696 2510 731 2549 ac
759 2487 913 2548 divinitatis
935 2490 1035 2567 plenus
1054 2506 1120 2547 esse

140 2576 320 2648 crederetur,
340 2577 460 2635 virtutes
479 2578 591 2647 multas,
612 2586 642 2635 et
660 2576 743 2652 sigua
760 2594 795 2633 ac
817 2573 949 2654 prodigia
967 2574 1039 2631 mira
1056 2574 1120 2632 elli-

140 2681 208 2721 cere
227 2662 353 2721 iussione
372 2662 432 2720 sola
451 2661 616 2732 dicebatur,
645 2662 685 2718 ita
704 2671 749 2731 ut,
770 2670 908 2738 tamquam
927 2678 944 2717 a
962 2657 1018 2717 deo
1036 2670 1120 2737 pote·

139 2756 240 2805 statem
251 2747 369 2818 babens,
390 2746 492 2805 surdos
509 2749 623 2806 laceret
639 2743 740 2803 audire
755 2742 1021 2813 etcaecosvidere,
1042 2744 1120 2802 clau·

139 2830 194 2891 dos,
211 2832 354 2909 erigeret,
375 2842 460 2909 atque
479 2836 590 2890 omnem
609 2830 801 2889 infirmitatem
816 2826 1120 2906 cunctosquedaemo·

138 2934 190 2974 nes
218 2935 256 2976 ex
282 2915 441 2975 bominibus
469 2917 622 2995 effugaret,
652 2913 703 2973 sed
731 2926 762 2974 et
789 2914 900 2973 oblatos
918 2912 972 2971 sibi
991 2924 1119 2971 mortuos

137 3000 303 3070 suscitaret,
325 3001 454 3078 leprosos
474 3006 586 3080 quoque
605 3001 715 3059 eminus
733 2998 833 3059 videns
848 3008 980 3068 curaret,
1006 3008 1036 3056 et
1049 2997 1118 3055 nihil

138 3085 254 3143 omuino
264 3095 354 3154 esset,
376 3084 451 3162 quod
463 3082 842 3163 eiimpossibilevideretur.
873 3083 951 3141 llaec
970 3081 1118 3140 ethorum

137 3169 241 3229 similia
257 3186 396 3246 processu
415 3170 567 3247 temporis,
596 3166 707 3224 crebris
726 3168 780 3225 iam
799 3186 855 3224 uon
874 3165 1045 3236 rumoribus,
1065 3163 1119 3223 sed

136 3253 296 3313 manifestis
315 3250 522 3331 quodammodo
541 3250 751 3311 adventantium
772 3269 809 3310 ex
826 3250 883 3308 illis
901 3249 1028 3328 partibus
1045 3269 1117 3307 uun-

137 3339 185 3396 tiis
208 3337 406 3410 firmabantur,
445 3339 558 3417 etipsa
582 3337 634 3395 iam
663 3354 717 3415 per
735 3334 797 3394 dies
823 3335 952 3414 singulos
979 3336 1022 3392 rei
1040 3334 1118 3393 veri·
1190 3381 1192 3388 .

138 3433 180 3482 tas
199 3422 377 3501 patescebat.

181 3508 215 3566 7.
263 3505 419 3587 Denique
411 3528 439 3565 uu
458 3508 528 3567 urbe
546 3528 599 3605 por
617 3508 683 3565 loca
700 3517 858 3565 conventus
877 3475 940 3565 lieri
963 3503 1043 3564 etde
1060 3504 1116 3563 boc

138 3612 270 3651 sermone
288 3594 422 3664 tractari,
443 3604 528 3672 atque
547 3594 575 3653 in
594 3592 782 3651 admiratione
809 3610 857 3649 res
880 3590 979 3648 baberi
1002 3589 1115 3667 coepit,

139 3678 264 3755 quisnam
292 3678 316 3735 is
344 3689 434 3748 esset,
481 3680 562 3756 qui
555 3677 739 3757 apparuerit,
768 3676 813 3734 vel
832 3673 898 3754 quid
917 3674 1006 3732 nuntii
1024 3693 1041 3731 a
1060 3672 1116 3731 deo

137 3762 295 3821 bominibus
324 3761 488 3836 detulisset3
514 3761 607 3821 donec
631 3761 683 3820 sub
711 3759 814 3819 eodem
841 3780 915 3818 auno
941 3759 987 3816 vir
1004 3756 1116 3835 quidam

137 3844 278 3907 adstans
270 3868 298 3905 ru
317 3848 396 3907 urbis
413 3848 479 3908 locu
497 3846 701 3919 celeberrimo,
721 3845 912 3925 proclamaret
924 3841 1114 3921 adpopulum‚
