2634 4400
664 250 712 313 ⁴0

582 336 797 367 hautepen-fl-

195 470 260 540 post
278 455 396 518 Petram
410 455 588 528 Zacchaeus,
608 454 896 536 deiadoSopbonias,
916 453 1065 536 losepbns,
1086 453 1183 516 albst-

197 545 313 616 cbacas,
333 540 482 603 Eliesdros
510 553 541 602 et
568 541 705 613 Pbinees,
733 541 861 600 Lazarus
878 551 910 600 ct
927 540 1093 614 Helisaeum
1114 553 1183 620 post

99 697 102 702 ,
196 631 249 692 bos
267 649 325 707 ego
344 629 477 690 Clemens
495 637 526 686 et
542 625 736 699 Nicodamus,
764 624 870 686 deinde
890 624 997 688 Niceta
1014 637 1045 686 et
1060 624 1178 705 Aquila,

197 717 244 794 qui
270 715 385 784 inerant
410 712 489 792 prius
515 710 647 792 discipuli
675 711 817 782 Simonis,
837 721 868 770 et
885 708 1010 770 docento
1027 712 1181 772 Zaccbaco
1294 752 1295 755 ι

196 799 328 859 conversi
347 808 412 858 sont
428 795 466 856 ad
484 795 567 856 bdcm
586 797 705 856 Christi.
749 795 900 856 Mulierum
916 815 988 856 sane
1004 797 1081 856 nulla
1098 816 1181 875 pror-

197 903 245 944 sus
272 881 384 944 aderat.
435 881 561 961 Cumque
588 880 682 946 adbuc
708 882 900 962 vespertinum
928 881 1022 940 lumea
1049 878 1179 954 duraret,

198 987 297 1030 omnes
315 965 486 1037 resedimus,
506 977 538 1025 et
555 965 657 1028 Petrus
675 964 775 1026 videns
793 966 914 1044 vigilare
931 986 985 1026 nos
1006 985 1041 1026 ac
1064 966 1119 1024 sibi
1130 967 1181 1024 in-

196 1051 331 1123 tendere,
351 1051 479 1118 salutetis
501 1049 584 1110 nobis
611 1052 748 1111 continue
774 1049 824 1110 dat
849 1051 990 1110 sermonis
1017 1049 1178 1110 exordium.

196 1137 295 1197 blirari
314 1155 359 1195 me
378 1132 509 1215 equidem
528 1136 634 1208 fateor,
655 1137 773 1208 iratres,
801 1135 940 1196 bonanae
966 1145 1085 1194 naturae
1111 1137 1179 1207 eim,

198 1241 280 1302 quam
290 1218 334 1280 ad
354 1221 447 1280 omnia
464 1231 558 1300 aptam
584 1220 766 1300 habilemque
794 1239 860 1283 esse
878 1219 976 1280 video.
1005 1220 1068 1281 lloc
1085 1231 1181 1280 amen

197 1303 299 1366 dicere
316 1307 345 1364 in
363 1307 527 1367 memoriam
545 1307 625 1368 venit
643 1325 681 1366 ex
698 1306 742 1366 bis
761 1325 834 1384 qnae
851 1304 940 1366 rebus
955 1306 1025 1384 ipsis
1043 1315 1182 1384 expertas

197 1411 270 1452 snm.
317 1389 354 1452 Ut
381 1391 454 1454 enim
482 1392 628 1452 transierit
653 1388 777 1452 medium
794 1391 901 1461 noctis,
914 1450 918 1458 ,
930 1409 987 1468 ego
1005 1401 1108 1469 sponte
1126 1391 1182 1448 iam

196 1477 322 1538 suscitor
348 1487 379 1536 et
404 1475 478 1536 ultra
504 1495 618 1536 somnus
645 1495 823 1555 nequaqnam
849 1476 928 1536 uenit
955 1473 993 1534 ad
1014 1494 1076 1547 meq
1104 1473 1185 1554 qnod

197 1560 265 1622 mibi
283 1559 390 1622 accidit
408 1579 445 1620 ex
463 1579 517 1632 eo,
546 1562 612 1640 quia
629 1562 658 1622 in
677 1558 886 1620 consuetudine
903 1558 988 1622 babai
1017 1559 1107 1622 verba
1128 1558 1183 1618 do-

197 1647 266 1708 miui
288 1647 356 1718 mei,
377 1663 450 1724 qaae
468 1645 504 1702 ab
523 1646 586 1724 ipso
603 1643 761 1715 audieram,
789 1663 931 1707 revocare
947 1643 984 1704 ad
1001 1646 1181 1717 memoriam,
1206 1695 1213 1706 .

198 1741 230 1792 st
246 1750 299 1808 pro
317 1731 441 1808 ipsorum
460 1726 607 1792 desiderio
626 1729 760 1788 suscitari
776 1729 878 1790 animis
890 1730 963 1790 mois
977 1739 1009 1790 et
1025 1730 1183 1808 capitatim

197 1814 282 1876 nibus
300 1815 452 1893 imperari,
481 1823 511 1872 ut
530 1813 669 1892 evigilans
685 1811 722 1874 ad
741 1833 777 1874 ea
803 1823 834 1874 et
854 1814 967 1892 singola
984 1828 1116 1894 quaeqae
1132 1834 1183 1874 re-

199 1899 299 1961 colens
325 1918 360 1958 ac
387 1909 524 1960 retexens
555 1899 662 1977 possim
684 1899 851 1958 memoriter
875 1899 1017 1974 renuere,
1061 1897 1108 1959 lix
1124 1899 1182 1961 laec

199 2003 287 2062 orgo,
315 1981 379 2042 dnm
407 1984 483 2042 omni
510 2001 573 2042 eum
600 1981 754 2059 dulcedine
772 2002 921 2043 sermones
938 1981 1045 2048 domini
1062 2003 1206 2048 usmaro.
1306 2022 1307 2047 ι

198 2070 228 2128 in
246 2086 312 2128 meo
331 2065 421 2128 corde
439 2066 587 2141 desidero,
608 2066 787 2130 consuetodo
796 2068 919 2132 obtinuit
927 2068 1075 2146 vigilandi,
1095 2070 1182 2130 etia·

199 2155 224 2213 si
242 2153 312 2232 nibil
330 2154 368 2215 sit
385 2151 460 2233 quad
480 2154 611 2233 cogitare
630 2154 726 2218 velim·
754 2152 798 2219 lm
814 2172 889 2232 crgo
906 2153 1043 2215 ineffabili
1061 2151 1182 2234 quadam

199 2240 323 2313 ratione,
344 2237 507 2299 introducta
524 2239 580 2299 alia
590 2238 810 2310 consuetudine,
829 2250 912 2299 vetus
924 2238 1103 2323 ennsnetatlo
1120 2260 1182 2303 mae

197 2334 286 2398 tatur,
307 2336 336 2387 et
354 2322 383 2389 id
400 2344 503 2387 reuera
520 2326 546 2385 si
563 2346 620 2387 non
638 2345 724 2405 snpra
750 2323 862 2386 modum
885 2344 986 2403 cogas,
1013 2322 1067 2384 sed
1092 2344 1182 2403 quoue

198 2420 257 2469 tum
274 2412 379 2489 recipit
396 2430 528 2473 mensura
546 2422 678 2473 naturae.
722 2409 827 2489 Neque
853 2411 928 2469 enim
950 2410 1182 2489 penitassomno

200 2512 303 2557 carere
321 2494 458 2573 passibile
473 2506 529 2566 est,
549 2495 655 2574 alioqui
665 2514 720 2560 nee
731 2496 807 2553 lacta
816 2515 874 2557 nox
884 2494 988 2555 luisset
995 2491 1031 2553 ad
1042 2494 1180 2572 quietem.

242 2578 276 2639 2.
322 2574 361 2637 Et
379 2597 435 2655 ego
454 2597 517 2638 cnm
534 2576 693 2642 audissem:
723 2578 847 2657 Optime,
867 2581 992 2659 inquam,
1012 2577 1109 2641 dixisti
1127 2578 1183 2643 Pee

199 2674 257 2735 tre,
287 2662 352 2741 quia
379 2661 557 2723 consuetudo
584 2660 793 2741 consuetudine
811 2674 1010 2726 commutatur..
1055 2662 1182 2728 Nom-et

200 2766 257 2825 ego
276 2766 339 2805 cnm
358 2747 522 2824 navigarem
548 2748 640 2825 primo
667 2746 803 2806 turbabar
829 2757 859 2807 et
877 2749 952 2809 intra
969 2767 1015 2807 me
1034 2749 1101 2808 mibi
1119 2768 1181 2808 om-

200 2833 248 2903 nia
266 2830 461 2905 romeliacum,
482 2832 521 2889 ita
538 2841 571 2890 ut
587 2831 737 2909 suggillari
753 2829 871 2891 uiderer
895 2851 951 2891 nec
974 2832 1053 2907 leuce
1066 2853 1181 2912 possem

198 2915 324 2984 brumam
344 2925 374 2992 et
390 2915 549 2981 molestiam
572 2916 675 2987 maris,
703 2926 769 2995 post
795 2935 902 2994 pancos
923 2927 1018 2991 autem
1044 2916 1107 2994 dies
1133 2917 1182 2989 ubi

200 2998 378 3068 consuetudo
397 3000 474 3063 faeta
492 3011 549 3074 est,
569 2999 761 3073 tolerabiliter
777 3001 857 3061 lerrc
875 3003 972 3081 coepi,
992 3004 1032 3061 ita
1050 3014 1081 3063 nt
1097 3022 1182 3063 mane

199 3088 293 3147 statim
311 3106 367 3145 una
384 3104 447 3159 cam
465 3086 558 3147 nautis
576 3085 669 3145 cibum
687 3105 800 3146 sumere
819 3084 998 3160 delectarer,
1019 3107 1081 3147 cnm
1104 3088 1183 3167 prius

199 3182 266 3231 aute
293 3171 393 3232 boram
419 3174 565 3252 septimam
591 3170 722 3252 capiendi
742 3172 799 3233 cibi
817 3171 995 3231 consuetudo
1013 3193 1070 3231 non
1088 3184 1179 3249 esset,

188 3254 284 3315 -Nunc
304 3276 376 3335 ergo
395 3259 505 3316 exista
527 3256 589 3317 sola
617 3254 842 3329 consuetudine,
871 3259 951 3316 cirea
977 3255 1046 3317 illud
1072 3268 1183 3337 tempus

200 3359 256 3417 quo
279 3339 435 3399 comedere
462 3359 523 3407 eum
552 3342 644 3411 nantis
672 3340 810 3411 solebam,
840 3343 951 3401 esuries
969 3341 1105 3402 admonet
1121 3362 1180 3419 me,

201 3422 277 3502 quod
295 3434 388 3495 tamen
407 3443 504 3487 rursus
523 3422 721 3502 depellepdnm
740 3443 838 3508 spero,
859 3427 987 3491 eumalio
1004 3428 1093 3502 luerit
1111 3446 1183 3489 cons

201 3506 322 3581 suetudo
341 3518 483 3586 suscepta,
532 3507 628 3571 Credo
655 3527 728 3587 crgo
756 3511 840 3571 etiam
859 3512 909 3591 tibi
932 3511 1091 3591 vigiliarum
1111 3530 1182 3589 eeu:

200 3592 391 3664 suetudinem,
411 3603 442 3651 nt
459 3592 606 3672 perhibes,
625 3594 798 3668 institutam
828 3606 858 3655 et
876 3605 1036 3673 opportune
1055 3594 1110 3654 boc
1129 3614 1182 3655 ex·

200 3698 310 3756 ponere
328 3678 454 3750 voluisti,
474 3690 505 3737 ut
523 3689 552 3737 et
570 3699 622 3738 nos
640 3680 841 3759 aliquantulum
860 3680 951 3737 somni
968 3698 986 3738 a
1003 3680 1087 3738 nobis
1108 3679 1181 3742 abti-

201 3782 270 3838 ecre
288 3775 373 3843 atquc
392 3763 520 3844 effugare
539 3784 596 3842 nep
613 3765 728 3845 pigeat,
756 3776 787 3824 at
812 3764 952 3844 possimus
971 3762 1120 3842 doctrinae
1137 3766 1181 3822 vi·

201 3850 294 3921 uentis
313 3850 440 3907 instituta
458 3850 616 3929 suscipere.
645 3848 719 3908 'Ubi
746 3851 820 3922 enim
847 3846 963 3908 decocti
990 3850 1096 3913 luerint
1123 3849 1180 3919 cibi
1225 3872 1236 3879 ·
