2634 4400
610 237 619 245 ·
680 211 726 274 ot

110 415 116 424 '
209 419 424 478 contentionem
442 417 514 478 vei'
506 419 676 498 imperitiam
694 418 921 482 contradicentis
938 419 1039 482 baberi
1064 440 1125 483 non
1140 443 1196 504 pe-

207 505 273 576 tuit,
293 503 409 564 ntideo
425 504 488 563 soia
504 502 689 583 professione
713 516 781 564 aeus
806 507 854 577 sit,
882 517 968 587 atque
994 523 1032 567 ea
1057 521 1133 587 qnse
1157 509 1194 569 ais

208 587 374 648 adversario
393 587 573 660 dicebantur,
593 599 701 648 tantum
718 587 912 664 destruxerit,
939 613 992 652 sna
1007 611 1081 652 vero
1097 612 1194 674 nesprm

208 676 303 734 omnia
321 693 414 753 neque
433 675 585 734 mnniieste
603 675 794 775 exposaenit,
815 686 846 734 et
862 677 974 754 singola
1001 678 1085 738 nobis
1107 699 1194 760 repe-
1305 730 1306 759 3

207 769 271 818 tens
288 760 405 836 integro
423 758 526 818 ordine
544 769 575 818 et
591 760 677 838 piene
693 760 807 819 ratione
824 760 971 821 disseruit.

248 843 305 906 δι’).
353 843 422 902 Cum
440 863 510 906 vero
529 845 584 902 iam
601 843 766 905 aiheseeret
784 845 858 917 dies,
877 864 1015 924 egressm
1031 845 1072 906 ad
1091 848 1193 908 turicas

206 939 272 1008 post
290 930 449 988 orationem
468 929 554 988 soiito
573 927 609 988 ad
628 927 826 1007 disputandam
845 932 976 990 cosentit
991 933 1070 1003 ioco,
1100 945 1132 992 et
1148 932 1192 993 vi·

207 1012 278 1072 dens
297 1013 442 1072 Simonem
460 1015 490 1072 in
507 1011 609 1074 mediis
627 1013 718 1072 turbis
734 1025 857 1074 stertere
875 1035 914 1075 ex
934 1036 1016 1076 more
1041 1017 1124 1095 prius
1144 1039 1192 1077 aa·

205 1099 296 1156 lutato
315 1098 421 1177 popniu
440 1099 496 1157 ait:
516 1097 618 1158 Dolori
637 1097 707 1157 mihi
723 1118 790 1158 esse
807 1102 905 1160 fateor
921 1100 959 1160 de
976 1099 1120 1161 renuidis
1136 1104 1191 1162 iso-

137 1197 140 1203 ·
205 1182 339 1254 minibus,
360 1184 407 1262 qni
425 1203 488 1242 eum
506 1183 547 1242 ita
564 1182 601 1242 ed
619 1203 673 1242 nos
689 1185 806 1243 veniant
822 1197 854 1244 ut
871 1185 983 1246 discant
998 1186 1122 1264 siiqnid,
1142 1188 1190 1247 nbi

206 1285 258 1326 eos
277 1265 385 1326 docere
404 1270 597 1349 coeperimus,
618 1269 673 1348 ipsi
690 1289 789 1328 rursus
806 1272 959 1349 magistros
976 1289 1009 1332 se
1034 1291 1103 1331 ease
1120 1292 1189 1352 pro·

205 1353 323 1412 iiteutnr
340 1355 569 1432 etinterrogant
586 1353 700 1432 quidem
722 1365 754 1413 ut
778 1357 958 1433 ignorantes,
987 1356 1190 1415 contradicunt

204 1448 299 1496 autem
317 1449 349 1496 ut
365 1440 503 1500 scientes.
550 1437 611 1498 Sed
628 1440 753 1499 fumasse
771 1439 849 1498 dicat
865 1441 979 1519 aliquis,
1000 1442 1067 1520 quia
1083 1443 1132 1520 qui
1145 1441 1189 1502 is·

204 1533 347 1600 terrogat,
369 1522 406 1582 ob
424 1524 480 1582 isne
498 1523 612 1602 quidem
629 1535 662 1582 nt
678 1523 772 1583 micat
787 1525 962 1604 interrogat,
989 1527 1039 1584 nisi
1061 1537 1136 1585 vero
1158 1526 1189 1586 id

204 1608 280 1686 qnod
297 1608 422 1668 audierit
439 1628 495 1667 non
514 1608 543 1666 oi
560 1618 643 1667 reete
669 1606 775 1667 dictum
792 1608 916 1681 videtur,
945 1629 1068 1670 neeesse
1085 1622 1133 1673 est
1158 1622 1190 1671 st

120 1721 125 1727 ·
203 1692 391 1771 respondeat,
411 1703 441 1751 et
458 1689 531 1752 hoec
548 1691 738 1752 videturesse
751 1693 955 1767 contradictio,
975 1713 1049 1776 quae
1065 1715 1124 1754 non
1142 1708 1189 1756 est

205 1777 409 1848 contradictio,
429 1774 482 1836 sed
499 1777 737 1856 reinterrogatie

246 1859 304 1920 54.
349 1819 458 1920 Audiat
475 1880 548 1940 ergo
566 1863 655 1922 hanes
675 1863 776 1923 Totius
792 1860 943 1924 doetrinae
959 1828 1187 1945 diaeipiisaeer·

203 1956 261 2006 tum
279 1945 524 2034 hebetudinem,
545 1948 812 2049 otnantqnaedam
830 1969 904 2028 quae
929 1951 1021 2028 prima
1045 1951 1188 2010 tradenda
1305 1930 1306 2001 d

203 2040 279 2101 sunt,
299 2031 356 2090 alia
373 2051 443 2090 vero
462 2051 535 2110 quae
553 2030 708 2092 secundo
699 2053 728 2091 m
746 2034 824 2106 ioco,
853 2045 884 2093 ct
900 2035 957 2095 aiia
973 2037 1074 2107 tertio,
1093 2038 1187 2096 etsie

202 2116 315 2192 singula
333 2135 462 2196 maeque
480 2117 692 2196 perordinem,
712 2138 785 2199 quae
802 2119 901 2199 nuque
908 2137 934 2178 sn
943 2137 997 2199 per
1004 2139 1187 2201 eoumquen

202 2201 269 2261 tiam
287 2202 437 2263 tradantur
453 2202 604 2263 manifecte
623 2204 705 2280 iiunt,
732 2213 815 2263 extra
836 2204 966 2264 ordinem
983 2224 1055 2265 vero
1073 2208 1098 2265 si
1115 2226 1186 2285 pro·

201 2286 332 2347 ferantur
349 2290 434 2348 etiem
453 2290 712 2349 conparationem
731 2288 809 2347 dicta
834 2288 1016 2351 uidebuntur.
1061 2290 1099 2350 Et
1115 2291 1185 2351 ideo

202 2372 329 2451 inprimis
340 2373 412 2432 ordo
423 2372 579 2432 servandus
598 2383 654 2445 est,
675 2375 699 2432 si
717 2384 811 2432 tamen
830 2374 885 2432 hoc
902 2376 1185 2456 proponithmera·

151 2482 162 2501 ι
200 2476 275 2528 mus,
295 2468 326 2516 ut
351 2459 491 2536 possimus
518 2457 594 2537 quod
620 2460 781 2537 quaerimus
807 2459 949 2519 invenire.
996 2460 1109 2522 Etenim
1134 2460 1185 2541 qni
1305 2473 1306 2488 ³

201 2552 311 2601 rectum
329 2542 439 2601 initium
456 2544 520 2601 viae
538 2543 697 2623 acceperit,
718 2543 804 2601 etiam
821 2543 977 2603 secundum
995 2546 1089 2605 iocum
1112 2566 1184 2605 con·

201 2637 357 2704 sequenter
373 2625 516 2699 advertet,
537 2638 567 2687 et
585 2648 622 2687 ex
639 2626 768 2687 secundo
784 2628 900 2687 tertiam
911 2630 1181 2704 facilinsinveniet3

200 2722 232 2770 et
248 2721 354 2789 quantu
371 2713 445 2771 nitra
463 2714 655 2791 processerit,
684 2724 765 2770 tanto
782 2715 873 2791 magis
900 2715 929 2773 ei
954 2715 1002 2773 via
1026 2717 1183 2793 uguitionis
1305 2725 1306 2768 3

199 2796 328 2873 opertior
345 2796 406 2869 liet,
426 2816 573 2876 usquequo
596 2796 633 2855 ad
660 2798 750 2875 ipsam
776 2818 833 2875 qno
860 2798 953 2858 tendit
978 2810 1010 2858 et
1035 2800 1184 2860 desiderat
1305 2803 1306 2822 ¹

198 2880 297 2940 urbem
315 2884 465 2960 perveniet
482 2882 624 2941 veritatis.
653 2882 707 2953 Qut
726 2901 797 2941 vero
815 2882 964 2961 imperitus
981 2895 1075 2944 estet
1093 2904 1182 2965 qnae·

199 2965 281 3025 rendi
299 2969 371 3026 viam
389 2968 493 3039 nescit,
514 2967 588 3025 sieut
606 2969 778 3045 peregrinas
794 2968 904 3040 viator,
925 2966 1062 3046 ignorans
1084 2980 1116 3029 et
1134 2990 1183 3033 et·

197 3070 275 3122 rans,
296 3053 320 3111 si
338 3054 402 3111 cive
421 3063 453 3111 et
469 3009 874 3152 iddigenunoiitutidnce,
850 3051 1010 3112 sinedobio
1021 3074 1085 3112 carn
1094 3054 1182 3135 aber·

197 3138 305 3196 raverit
323 3158 340 3196 o
357 3140 404 3197 via
420 3138 563 3207 veritatis,
585 3147 668 3196 extro
684 3139 761 3197 vitae
779 3138 878 3196 ianuas
895 3137 1071 3209 remanebit,
1091 3149 1123 3198 et
1139 3139 1181 3197 ita

197 3224 290 3281 noctis
309 3234 390 3281 atrae
409 3208 538 3281 tenebris
557 3222 699 3281 involutus
716 3241 771 3299 per
787 3224 906 3280 semitas
917 3221 1181 3300 perditionisiaee·

197 3303 257 3364 det.
305 3308 377 3379 Quia
385 3326 478 3407 mergo
486 3307 510 3364 si
529 3324 583 3383 per
600 3304 729 3365 ordinem
753 3325 851 3384 qnae
844 3305 1017 3386 quaerenda
1042 3318 1108 3365 aunt
1134 3309 1180 3367 ia·

197 3392 354 3467 pumuntur,
383 3392 505 3451 inveniri
532 3389 669 3448 iaciiiime
694 3401 824 3467 possunt,
844 3390 974 3451 ordinem
992 3410 1063 3450 nero
1080 3394 1180 3471 requi·

195 3474 278 3533 rendi
297 3477 444 3555 imperitus
462 3476 588 3551 ignorat,
608 3484 719 3533 rectum
746 3486 792 3534 eet
807 3486 841 3533 ut
866 3477 969 3534 scienti
992 3474 1079 3533 cedat
1096 3478 1179 3554 igaa-

195 3578 244 3618 rue
263 3572 293 3619 et
310 3563 402 3639 primo
421 3556 576 3637 quaerendi
596 3556 726 3616 ordinem
745 3559 848 3634 diseat,
875 3570 907 3617 nt
931 3560 972 3618 ita
1000 3558 1112 3618 demun
1134 3563 1179 3619 in·

195 3644 364 3723 terrogandi
381 3654 413 3703 et
429 3640 622 3721 respondendi
640 3644 767 3703 inveniat
784 3644 974 3721 disciplinam.
996 3670 1000 3675 ·

236 3728 293 3787 55.
339 3729 377 3787 Et
392 3727 494 3785 Simon
512 3725 548 3785 ed
567 3727 656 3786 hoec:
678 3726 744 3786 Non
762 3748 836 3805 ergo
855 3729 978 3786 omnium
1001 3730 1176 3799 estveritae,
1305 3797 1306 3822 ¹

195 3814 247 3873 sed
265 3832 363 3877 corum
383 3810 575 3875 tantummodo
595 3814 643 3891 qui
660 3822 752 3872 artem
769 3811 905 3873 noverint
912 3810 1088 3891 disputandi,
1099 3813 1178 3893 quod
1305 3823 1306 3828 ’
