2634 4400
667 260 737 324 sto
821 235 826 249 '

598 354 811 369 m

210 488 395 550 agnoveram,
408 467 614 549 sedpoatqunnn
625 470 823 549 protectans,
844 463 1025 529 frater-mens
1032 470 1101 529 milri
1111 490 1197 530 enar-

199 558 294 629 ¹ravit,
316 555 425 627 dicens,
448 554 522 634 qnod
541 557 632 633 primo
652 553 765 633 quidem
783 557 873 633 ipsum
891 554 1063 628 adamasset,
1084 557 1195 616 sedille

203 642 275 723 ¹quin
295 652 358 700 ernt
376 641 524 712 honestus,
553 650 652 719 utpote
680 642 773 699 irater
789 642 881 700 noluit
907 652 1000 699 torum
1026 642 1124 701 fratris
1151 644 1195 701 in·

210 728 283 787 cesti
302 728 410 785 mecula
429 727 571 805 polluere.
619 724 679 784 Sed
696 726 745 783 illa
763 736 792 784 et
810 746 854 785 me
881 744 1002 796 verens,
1032 738 1062 785 et
1088 748 1195 807 oppre-

208 813 300 872 lrrium
320 832 375 870 uon
394 812 492 871 lenens
510 810 612 873 inlellx
632 810 831 890 (neque-enim
858 810 1052 890 imputandum
1080 814 1108 871 ei
1135 824 1192 885 est,

210 896 284 977 qnod
304 916 365 955 eam
385 896 502 975 genesis
521 897 620 955 lacere
640 897 787 975 compulit)
808 896 891 955 linxit
906 898 1044 955 somnium
1065 908 1095 956 et
1108 897 1195 957 aitad
1231 936 1235 940 ‚

178 981 190 988 ”
208 1002 269 1042 me:
290 981 409 1041 Adstitit
427 982 496 1039 mihi
512 980 625 1059 quidam
644 985 814 1059 pervisum,
837 983 884 1061 qni
902 983 983 1041 iussit
992 1000 1038 1059 me
1048 1002 1112 1041 cnm
1122 982 1194 1043 dne·

207 1068 260 1127 bus
279 1069 399 1145 geminis
418 1069 489 1125 meis
507 1068 569 1124 sine
588 1084 669 1125 mora
687 1082 725 1123 ex
741 1066 813 1125 urbe
832 1067 991 1145 proficisci.
1021 1067 1100 1126 llaec
1119 1088 1191 1146 ergo

209 1172 272 1212 eum
290 1151 441 1222 audissem,
463 1171 516 1230 pro
534 1151 625 1210 salute
641 1152 702 1209 eius
721 1150 900 1229 filiorumque
917 1152 1058 1211 sollicitos
1077 1154 1194 1212 coeles·

204 1240 257 1295 tim
284 1239 374 1337 ipsam
398 1248 427 1295 et
445 1237 553 1295 liberos
572 1236 653 1295 exire
674 1237 748 1308 leci3
770 1258 854 1295 nunno
873 1239 1002 1315 quierat
1015 1240 1119 1309 iunior,
1141 1240 1193 1297 mi·

207 1323 237 1381 hi
254 1323 375 1395 retinni;
396 1322 451 1379 hoc
471 1322 545 1380 enim
565 1322 612 1399 qui
632 1340 773 1399 response
790 1322 819 1379 in
838 1324 944 1380 somnis
963 1320 1095 1395 dederet,
1125 1342 1194 1403 per-

207 1409 318 1467 misisse
337 1406 462 1466 dicebat

248 1491 304 1551 54.
350 1493 477 1568 Tum
439 1512 495 1569 ego
515 1492 648 1551 Clemens
666 1494 840 1570 intelligens
867 1492 978 1571 quod
969 1512 1032 1572 ipse
1059 1494 1192 1555 lortas‘sis

173 1574 186 1591 '
207 1588 286 1637 esset
312 1589 395 1657 pater
422 1597 511 1650 meus,
541 1578 666 1636 lacrimis
694 1579 825 1657 oppletus
853 1598 929 1650 sum3
955 1579 1060 1638 iratres
1078 1600 1191 1658 quoque

206 1682 286 1723 meos
304 1664 435 1722 volentes
454 1664 588 1742 prosilire
616 1673 645 1721 et
672 1665 788 1741 aperire
815 1682 888 1734 rem,
917 1664 1062 1742 prohibuit
1090 1665 1191 1725 Petrus

101 1746 105 1753 “
207 1748 324 1808 diceus:
345 1748 492 1821 Quiescite
513 1747 696 1828 quoadusque
716 1749 783 1807 mihi
801 1748 956 1827 placuerit,
1000 1748 1191 1828 Respondeas

207 1854 281 1911 crgo
299 1834 400 1899 Petrus
423 1834 463 1892 ait
491 1834 659 1894 adsonem:
690 1833 773 1907 Quod
791 1854 894 1893 nomen
921 1844 986 1893 erut
1007 1836 1112 1894 iuniori
1130 1836 1190 1893 lilio

115 1974 123 1981 .
205 1923 274 1978 tuot
296 1917 476 1977 Attenuant:
499 1918 642 1977 Clemens.
686 1919 723 1976 Et
741 1918 860 1996 Petrus:
881 1918 913 1977 Si
931 1918 994 1990 tibi,
1015 1921 1117 1999 inquit,
1137 1920 1193 1979 lno-

181 2003 253 2063 ·die
272 2004 424 2080 coniugem
447 2014 522 2062 tuem
553 2005 739 2063 castissimam
767 2006 977 2081 consignavere
1009 2025 1072 2063 cnm
1100 2006 1191 2065 tribes

204 2090 271 2148 filiis
289 2090 356 2160 tuis,
378 2088 472 2147 credis
492 2089 555 2168 quia
574 2100 670 2167 potest
688 2088 792 2167 pudica
809 2108 889 2148 mens
916 2101 1008 2148 motus
1036 2092 1191 2149 irrationa-

203 2174 277 2239 tiles
296 2193 445 2253 superare,
467 2186 497 2234 et
515 2174 590 2254 quod
610 2176 703 2234 omnia
722 2193 794 2254 quoe
812 2174 1009 2234 anobisdicte
1023 2187 1098 2247 snut,
1118 2196 1190 2236 vera

205 2263 266 2323 sint
291 2271 320 2319 et
343 2263 459 2338 genesis
478 2260 547 2319 nihil
566 2261 621 2319 sit?
648 2260 686 2318 Et
703 2278 808 2319 senex:
834 2261 917 2320 Sicut
934 2261 1111 2340 impossihile
1130 2274 1187 2334 cst,

204 2347 306 2424 lnquit,
327 2357 357 2404 te
377 2347 515 2406 exhihere
535 2346 610 2424 quod
628 2347 800 2424 promisisti,
821 2349 861 2405 ita
880 2347 1055 2424 impossibile
1073 2359 1119 2406 est
1136 2367 1190 2407 cx-

202 2443 248 2490 tra
267 2432 399 2510 genesim
419 2432 482 2491 lieri
501 2429 618 2510 aliquid.
665 2431 735 2489 'l'um
746 2431 863 2490 Petrus:
883 2432 997 2503 Testes,
1017 2434 1119 2510 in'qnit,
1138 2434 1203 2492 lra·,

204 2515 275 2576 bere
302 2517 368 2576 volo
396 2536 494 2576 omnes
521 2518 573 2576 hos
601 2517 647 2594 qui
675 2528 844 2595 praesentes
871 2529 946 2588 snnt,
967 2518 1012 2575 me
1030 2519 1082 2575 titi
1100 2517 1188 2578 hodic

205 2604 356 2680 coniugem
376 2614 450 2662 tunm
470 2622 533 2660 cum
553 2602 642 2660 trihus
659 2603 764 2661 vestris
782 2602 881 2660 liberis
899 2604 1042 2661 viventem
1060 2602 1190 2681 pudicis-

204 2689 274 2746 sime
293 2686 477 2762 traditurnm3
508 2699 537 2745 ct
555 2689 609 2745 inm
628 2704 704 2745 nnnc
727 2689 828 2767 accipe
856 2686 940 2746 tidem
967 2707 1061 2746 rernm
1081 2707 1118 2747 cx
1136 2708 1185 2762 eo,
1245 2729 1251 2739 ,

205 2765 322 2851 quod
300 2791 411 2831 omnem
431 2792 559 2831 caussam
570 2773 656 2831 multo
668 2771 833 2849 diligentius
843 2774 904 2830 scio
915 2791 995 2850 quam
1006 2784 1048 2844 tu,
1070 2785 1188 2832 cenem-

154 2919 158 2929 ,
204 2876 258 2936 que
277 2857 339 2914 tibi
347 2877 400 2935 per
418 2856 547 2916 ordinem
576 2875 649 2936 quae
672 2869 755 2936 gesta
777 2869 842 2915 sunt
864 2857 1021 2930 enarrabo,
1050 2869 1082 2916 nt
1103 2869 1135 2917 et
1156 2869 1187 2917 tn

203 2960 364 3020 cognoscas
383 2954 412 3001 et
430 2944 477 3022 qui
496 2953 664 3023 praesentes
682 2955 747 3002 sunt
765 2941 888 3002 discant.

244 3025 300 3087 55.
347 3027 384 3086 llt
403 3047 465 3088 cunr
484 3029 555 3088 haec
575 3026 706 3099 dixisset,
728 3048 884 3088 conversus
902 3027 939 3087 nd
958 3029 1056 3088 turbas
1065 3031 1106 3088 ita
1115 3049 1186 3089 coe·

202 3115 259 3192 pit:
280 3113 334 3171 Hie
353 3133 435 3192 quem
453 3113 557 3173 vidctis
577 3134 594 3173 o
613 3115 679 3190 viri,
699 3117 728 3172 in
748 3114 801 3172 line
818 3125 900 3174 veste
914 3115 1106 3194 pauperrima,
1127 3114 1187 3173 Ro-

202 3217 302 3257 manae
320 3198 399 3257 urhis
418 3207 462 3258 est
481 3201 562 3270 civis,
584 3219 621 3258 ex
648 3218 758 3277 genere
785 3201 874 3278 ipsius
902 3199 1034 3258 Caesaris
1062 3199 1185 3260 descen-

203 3283 291 3354 dens3
311 3303 414 3343 nomen
434 3285 461 3344 ei
480 3284 690 3355 Faustinianus,
710 3303 829 3342 uxorem
848 3303 961 3364 quoqne
980 3284 1184 3345 nobilissimam
1219 3307 1224 3319 ·

200 3366 510 3428 Matthidiam'nnmine
529 3371 645 3428 sortitus
668 3379 723 3440 est,
744 3389 783 3428 ex
799 3390 854 3449 qua
872 3381 932 3429 tres
950 3369 1025 3428 lilios
1043 3372 1183 3450 suscepit,

203 3471 321 3532 quorum
341 3451 395 3512 dno
415 3455 623 3532 gemini‚·unus
641 3464 735 3512 eutem
755 3456 803 3533 qui
822 3466 884 3514 erat
896 3456 1002 3525 iunior,
1024 3457 1185 3514 cuinomen

203 3537 347 3610 Clemens,
368 3539 414 3598 hic
433 3549 489 3598 est.
534 3538 652 3596 Etcum
672 3539 728 3597 hoc
746 3540 882 3612 dixisset,
912 3539 1004 3618 digito
1022 3559 1068 3599 me
1086 3551 1185 3601 osten·

195 3621 254 3682 dit.
302 3623 413 3684 Gemini
431 3633 525 3682 auteur
545 3622 595 3680 lilii
615 3625 677 3682 eius
699 3637 765 3683 sunt
789 3626 849 3697 isti,
878 3625 984 3684 Nicetn
1011 3637 1041 3684 et
1067 3625 1182 3703 Aquila,

202 3727 319 3786 quornm
338 3709 409 3767 alius
428 3707 575 3768 Faustinus
601 3710 758 3769 vocabatur
783 3711 871 3789 prins,
901 3723 931 3770 ct
953 3712 1025 3773 nlius
1051 3711 1181 3772 Faustus.

202 3793 290 3852 Simul
310 3805 403 3852 entem
422 3803 454 3852 ut
470 3795 585 3854 nomina
602 3807 702 3878 nostra
720 3797 884 3862 enunciavit
901 3795 1014 3866 Petrus,
1034 3815 1127 3856 senex
1135 3816 1183 3856 re

201 3877 300 3935 solutis
318 3876 452 3936 memhris
471 3879 610 3952 omnihus,
639 3881 719 3958 quasi
737 3882 916 3958 interceptus
934 3879 1073 3941 concidit.
1120 3880 1183 3940 Nos
