2634 4400
532 238 536 247 .
607 173 674 288 ot

525 312 740 326 ——u-——u--u——r-

138 434 204 488 erat
222 426 327 482 coninua
344 424 484 501 legitima,
505 443 567 482 cum
587 434 666 486 esset
681 415 803 496 ¹sieriiis,
824 424 932 486 tatere
954 429 1123 508 progeniem

140 519 317 581 mercretur,
344 518 373 566 et
399 509 523 591 accepit,
552 527 635 588 quem
663 519 693 570 et
719 509 799 568 lsaae
827 511 992 582 nominavit,
1012 530 1051 571 en
1067 531 1123 590 quo

140 605 223 660 natus
242 605 287 654 cst
305 592 402 674 laceb,
424 591 460 656 do
479 592 566 658 Iacob
583 603 679 656 autem
697 590 848 655 duodecim
870 594 1068 673 patriarchae,
1093 608 1125 654 et

139 697 180 743 ex
205 679 274 757 ipsis
300 675 451 739 duodecim
479 676 729 758 septuagintaduo.
786 678 821 743 Hi
848 679 924 744 ianne
956 691 1058 741 exortu
1094 682 1124 745 iu

139 761 303 842 Aegyptum
330 763 448 822 veniunt
474 781 537 828 cum
565 763 641 820 omni
673 762 758 822 domo
794 784 861 836 sua,
898 775 930 823 et
963 766 1038 829 inira
1072 785 1124 826 an·

74 837 78 845 ’
139 868 193 912 nos
221 845 445 946 quadringentos
471 845 676 910 benedictione
703 858 733 906 et
749 849 944 932 promissione.
959 846 1007 908 dei
1030 849 1124 908 mniti-

140 933 249 1011 piicatt,
270 931 472 1012 affligebantur
490 931 525 990 ab
546 929 712 1014 Aegyptiis.
760 932 887 1014 Cumque
909 933 1121 1012 affligerentur,

139 1017 270 1098 apparuit
286 1035 371 1080 verns
390 1016 530 1100 propbeta
547 1015 659 1096 Moysi,
681 1028 712 1076 et
728 1015 891 1098 Aegyptios
914 1017 1028 1102 quidem
1050 1020 1124 1085 resi-

139 1111 262 1171 stentes,
291 1120 328 1166 ee
348 1100 542 1166 Hebraeorum
569 1102 698 1180 popuius.
714 1103 810 1161 exirm
836 1102 939 1164 abeis
966 1114 998 1162 et
1013 1100 1125 1164 rediret

139 1185 176 1244 ad
194 1187 312 1266 patriam
331 1197 452 1258 terram,
472 1185 574 1246 decem
592 1187 685 1264 plagis
704 1187 879 1254 coelestibus
896 1188 1009 1260 affecit,
1034 1208 1125 1268 popu·

140 1272 196 1337 ium
214 1290 284 1330 vero
307 1269 355 1330 dei
382 1270 480 1332 eduxit
507 1291 543 1330 ex
569 1270 719 1351 Aegypto.
766 1271 827 1332 Sed
852 1274 901 1352 qui
921 1274 1125 1353 superfuerunt

138 1375 177 1416 ox
194 1357 368 1440 Aegyptiis,
397 1357 553 1434 conspirati
579 1375 644 1420 cum
672 1358 853 1420 animositate
880 1360 960 1436 regis
978 1359 1046 1428 sui,
1080 1359 1123 1416 in-

139 1441 232 1501 secuti
259 1452 325 1498 sunt
351 1440 516 1512 Hebraeos,
545 1461 616 1518 quos
644 1461 707 1500 cnm
734 1443 913 1521 reperissent
938 1461 1024 1521 super
1045 1443 1124 1506 littus

139 1527 241 1595 maris,
271 1535 301 1583 et
322 1525 489 1584 interimere
508 1544 606 1584 omnes
625 1545 659 1586 ac
679 1524 779 1586 delere
798 1527 977 1603 cogitarent,
1004 1525 1124 1605 Moyses

139 1611 271 1674 oratione
297 1607 335 1671 ad
361 1608 445 1672 deam
472 1611 535 1678 iasa
557 1629 635 1676 mare
658 1612 688 1673 in
706 1608 776 1670 dms
793 1621 889 1690 partes
907 1609 1015 1682 divisit,
1036 1612 1077 1670 ita
1093 1621 1125 1680 ut

139 1715 212 1774 equa
223 1692 342 1758 dextera
351 1694 489 1772 iaevaque
501 1695 579 1774 quasi
589 1695 657 1772 gelu
666 1707 806 1760 concreta
815 1705 976 1771 teneretur,
995 1706 1124 1774 etpopu-

138 1780 183 1842 ius
202 1778 314 1857 quidem
334 1777 381 1838 dei
400 1779 537 1838 transiret
550 1780 627 1838 velut
639 1781 699 1852 iter
707 1778 829 1851 aridum,
848 1781 1035 1858 insequentes
1053 1799 1123 1840 uero

137 1879 192 1922 eos
208 1863 348 1942 Aegyptii
375 1875 485 1928 temere
513 1865 637 1941 ingressi
659 1876 844 1930 necarentur,
891 1863 945 1933 Ubi
963 1865 1039 1924 enirn
1057 1865 1123 1925 uiti-

138 1969 201 2012 nrus
219 1967 256 2006 ex
274 1947 468 2008 Hebraeorum
487 1948 591 2034 populo
610 1948 759 2021 ascendit,
779 1947 988 2029 Aegyptiorum
1007 1969 1122 2028 quoque

139 2034 252 2098 ultimus
262 2031 413 2097 descendit
427 2033 455 2096 iu
474 2051 564 2106 tiuare,
586 2044 616 2092 et
634 2035 770 2094 continuo
783 2053 875 2112 aqnac
888 2035 974 2094 mama
996 2053 1070 2113 quae
1093 2045 1124 2092 ut

140 2118 206 2198 goin
230 2119 405 2178 constrictae
434 2117 616 2189 tenebantur,
644 2130 802 2199 praecepto
830 2119 896 2186 eius,
914 2120 1124 2199 quiconstrin-

139 2214 223 2285 acroi
240 2204 402 2273 relaxatae,
432 2222 539 2282 poenas
559 2202 595 2263 dc
614 2206 762 2282 impiorum
781 2205 886 2288 populo
904 2215 1024 2288 recepta
1041 2215 1123 2268 nain·

139 2308 190 2355 rae
208 2308 277 2353 suan
295 2288 430 2353 libertate
449 2299 620 2349 sumserunt.
879 2340 882 2345 .
1019 2347 1023 2352 .

180 2371 238 2436 55.
285 2373 354 2432 Post
371 2373 443 2433 baec
462 2372 592 2451 Moyses,
613 2372 660 2431 dei
677 2375 771 2431 omnia
788 2371 966 2452 providentis
983 2393 1124 2453 pueroq-

139 2469 170 2517 to
198 2458 393 2523 Hebraeorum
420 2458 552 2538 populum
571 2456 670 2519 eduxit
696 2460 725 2517 in
744 2456 901 2530 desertum,
934 2469 966 2517 et
982 2460 1040 2520 iter
1055 2458 1124 2519 bre-

45 2596 49 2605 ,
139 2545 299 2614 vissimum,
329 2542 405 2623 qnod
422 2544 481 2605 ient
499 2542 535 2601 de
554 2539 691 2621 Aegypto
709 2542 746 2602 ad
766 2542 915 2616 iudaeam,
943 2544 1121 2623 relinquens,

139 2629 312 2709 perlongus
331 2629 421 2693 eremi
447 2627 559 2711 piebem
586 2627 667 2687 duxit
693 2630 850 2700 anfractus,
878 2640 910 2692 ut
937 2627 1124 2707 quadraginta

139 2733 276 2772 annornm
296 2714 457 2785 exercitiis,
481 2713 553 2773 mala
581 2732 653 2791 quae
682 2714 724 2772 eis
752 2733 790 2772 ex
806 2711 1016 2793 Aegyptiorum
1034 2715 1123 2773 mori·

138 2796 192 2860 bus
218 2818 269 2858 usu
297 2799 375 2877 longi
402 2800 540 2881 temporis
567 2799 758 2870 inoleverant,
788 2801 971 2860 innovatione
998 2809 1123 2862 mutatae

138 2882 357 2946 'consuetudinis
375 2883 517 2942 aboicret.
566 2882 681 2944 {nterea
698 2886 811 2943 venitur
836 2883 873 2943 ad
900 2895 1023 2943 montem
1040 2882 1121 2954 Sina,

138 2978 171 3027 et
189 2967 255 3025 inde
274 2968 322 3025 lex
340 2970 395 3038 eis,
423 2969 543 3027 vocibus
562 2978 591 3027 et
615 2968 772 3027 visionibus
799 2968 974 3029 coelestibus
1001 2967 1124 3028 uaditur

139 3050 240 3110 decem
260 3054 424 3129 conscripta
441 3054 619 3129 praeceptis3
655 3047 768 3113 'uorum
789 3055 907 3132 primurm
926 3065 957 3113 et
973 3054 1124 3114 maximone

138 3136 205 3206 fnit,
234 3144 265 3193 ut
283 3136 372 3219 ipsum
391 3136 480 3193 solum
500 3136 632 3195 colerent
649 3074 745 3206 deum,
773 3156 829 3198 nec
848 3138 931 3197 uliam
959 3137 1013 3203 sibi
1037 3137 1122 3205 aliani
1153 3148 1158 3155 ’

139 3222 273 3299 speciem,
293 3219 339 3277 vei
366 3221 484 3279 iomnam
513 3230 674 3279 statuerent
699 3220 736 3279 ad
763 3219 925 3282 colendum.
971 3219 1032 3282 Sed
1059 3238 1122 3282 euru

138 3305 257 3384 Moyses
276 3304 455 3367 ascendisset
473 3304 509 3366 ad
527 3317 664 3377 montem,
684 3306 780 3385 ibique
807 3304 908 3366 dicbus
935 3305 1123 3385 quadraginta

140 3401 317 3462 moraretur,
351 3391 469 3469 populus
497 3394 543 3470 qui
572 3389 673 3451 decem
700 3392 792 3469 pingis
819 3410 983 3470 percussam
1010 3391 1123 3451 viderat

139 3474 315 3555 Aegyptum,
337 3487 366 3533 ot
385 3474 540 3554 disruptum
558 3497 636 3537 mare
655 3476 1000 3555 aeyedibusdigressrim,
1021 3496 1123 3543 munna

141 3580 252 3638 quoque
272 3560 326 3621 sibi
344 3581 396 3639 pro
415 3580 488 3640 pane
508 3563 628 3622 coeiitus
653 3560 746 3623 datum
775 3573 806 3621 et
824 3582 861 3623 ex
880 3563 1011 3641 sequenti
1039 3571 1122 3639 petra

140 3646 270 3743 quonium
298 3648 484 3705 ministratum
514 3653 597 3729 (quae
617 3649 733 3726 speeies
759 3647 815 3706 eibi
838 3666 890 3727 per
907 3648 1040 3705 virtutem
1060 3644 1119 3715 dei,

140 3750 168 3786 rn
189 3748 269 3807 quern
281 3733 399 3810 quisquc
411 3730 617 3803 desiderasset,
639 3744 803 3791 verteretur
820 3735 978 3811 saporem),
1001 3748 1121 3807 cutnqnc

140 3813 190 3872 sub
208 3815 291 3894 plaga
311 3816 385 3875 coeii
405 3814 570 3877 ardentiore
588 3820 686 3896 positi,
716 3838 751 3877 ne
771 3817 896 3877 aestibus
915 3825 1119 3895 coquerentur,
