2634 4400
626 318 698 381 229

208 505 260 584 lli.
309 522 435 604 Cumque
462 524 564 583 vellem
591 522 706 598 dicere,
737 523 843 584 Niceta
870 524 978 590 labrum
1006 525 1150 589 mordicus

165 612 321 689 stringens,
343 610 480 669 innuebat
497 611 563 668 nrihi
582 622 613 669 nt
632 622 776 685 tacerem;
797 630 878 690 quem
890 630 952 671 cum
962 611 1081 674 vidisset
1095 612 1150 673 Pe-

165 706 236 767 trus,
258 696 314 753 ait:
336 693 394 753 Cur
412 696 556 773 ingenium
576 696 695 755 liberale
715 706 745 754 et
762 716 934 773 generosam
963 696 1080 757 laedere
1107 701 1149 758 vis

165 791 305 851 naturam,
327 790 357 837 nt
375 780 403 838 in
423 780 560 839 honorem
580 783 635 839 mei
655 784 702 860 qui
721 783 812 840 nullus
831 791 885 853 est,
907 792 1006 842 tacere
1026 803 1149 843 cumre-

164 866 219 924 list
235 863 410 935 Autncscis‚
429 867 493 945 quia
513 868 535 924 si
556 886 653 925 omnes
673 878 787 943 gentes,
807 878 956 945 postquam
975 867 1150 927 audierinta

164 970 209 1009 me
220 948 466 1029 praedicationem
477 952 607 1009 veritatis
627 962 656 1010 et
675 951 863 1023 crediderint,
883 953 972 1010 velint
991 972 1022 1011 se
1042 952 1077 1011 ad
1098 952 1149 1012 do-

164 1033 285 1093 cendum
305 1036 453 1107 conlerre,
474 1037 539 1095 mihi
559 1037 696 1095 maiorem
714 1039 828 1116 pariunt
846 1037 979 1115 gloriam,
1009 1037 1148 1117 siquidem

164 1121 275 1199 gloriae
296 1140 346 1178 me
360 1119 489 1199 cupidum
509 1126 609 1199 putas?
629 1121 702 1196 Quid
722 1124 797 1181 enim
808 1133 865 1179 tam
875 1122 1044 1199 gloriosum,
1065 1144 1148 1203 quam

165 1204 279 1263 Christo
300 1203 453 1284 discipulos
472 1220 675 1285 praeparasse,
697 1228 753 1264 non
772 1210 818 1285 qui
838 1218 955 1266 taceant
974 1207 1162 1267 etsolisalvi'

164 1290 244 1361 fiant,
265 1293 315 1347 sed
336 1292 381 1369 qni
401 1290 553 1369 loquantur
572 1310 643 1369 quae
663 1290 836 1364 didicerunt,
859 1304 888 1351 et
906 1294 999 1351 nnrltis
1017 1294 1148 1372 prosint?

163 1374 275 1433 Utinam
295 1374 407 1453 quidem
427 1385 456 1433 et
475 1386 505 1433 tu
524 1374 640 1445 Niceta,
663 1375 713 1433 sed
737 1386 767 1433 et
785 1386 827 1445 tu,
848 1377 1010 1435 dulcissime
1029 1378 1144 1458 Aquila,

162 1460 298 1518 iuraretis
326 1480 370 1517 me
397 1458 433 1517 ad
460 1458 682 1539 praedicandum
711 1459 827 1518 verbum
847 1460 905 1532 dei,
927 1481 963 1519 eo
982 1464 1071 1539 magis
1091 1483 1146 1541 quo

162 1564 198 1603 ea
226 1546 253 1602 in
283 1544 382 1624 quibus
411 1556 508 1603 errant
536 1546 675 1623 gentiles,
707 1544 779 1603 bene
798 1544 878 1603 robis
898 1558 1046 1623 comperta
1064 1547 1143 1620 sunt'3

163 1642 193 1689 et
211 1650 267 1687 non
287 1631 375 1688 solnm
395 1650 457 1697 vos,
479 1629 530 1689 sed
550 1642 579 1688 et
598 1650 696 1689 omncs
715 1632 761 1708 qui
790 1628 991 1700 audiuntne,
1022 1643 1089 1710 opto
1117 1644 1148 1691 ut

162 1714 232 1786 dixi,
254 1716 293 1772 ita
311 1713 410 1774 audire
430 1725 459 1773 et
470 1714 594 1786 discere,
615 1727 645 1774 ut
660 1715 943 1794 etdoeerepossint3
964 1716 1146 1775 multisnam-

152 1806 217 1880 'que
236 1799 412 1859 adiutoribus
431 1799 542 1879 indiget
560 1800 693 1871 mundus,
724 1800 823 1879 quibus
842 1800 970 1858 hemines
988 1800 1024 1859 ab
1044 1820 1145 1860 errore

162 1897 347 1945 revocentur.
396 1884 521 1964 Cumque
540 1886 612 1946 haec
632 1885 762 1956 dixisset,
784 1886 824 1943 ait
850 1882 886 1943 ad
909 1905 970 1944 me:
998 1886 1040 1946 Tu
1059 1906 1144 1966 ergo,

163 1971 306 2043 Clemens,
328 1990 487 2051 exsequere
507 1992 579 2050 quae
600 1972 733 2052 coepisti.

206 2054 258 2115 17.
305 2056 343 2117 Et
362 2076 417 2135 ego
437 2058 571 2115 continuo
591 2058 739 2116 subiunxi:
761 2056 910 2130 Quoniam,
932 2055 1049 2129 uldini,
1071 2058 1145 2137 apud

160 2140 296 2221 Tripolim
317 2140 473 2222 disputans,
495 2143 580 2201 nrnlta
600 2142 635 2201 de
655 2142 709 2201 diis
728 2145 855 2220 gentium
876 2142 984 2201 utiliter
1003 2153 1145 2202 ctneees-

151 2229 238 2285 'sario
258 2227 430 2298 disseruisti,
452 2229 534 2306 cupio
554 2226 589 2286 de
609 2229 722 2305 origine
742 2247 840 2286 eorum
860 2226 981 2286 ridicula
999 2239 1027 2286 te
1048 2248 1145 2287 eoram

161 2331 320 2390 exponere,
342 2323 372 2370 ut
389 2331 481 2390 neque
501 2322 529 2371 te
547 2314 637 2371 lateat
650 2332 742 2370 vanae
753 2313 1055 2391 liuiussuperstitionis
1067 2333 1145 2372 com-

160 2407 296 2468 mentum,
319 2406 348 2454 ct
366 2395 511 2455 auditores
531 2398 577 2476 qui
596 2397 737 2456 adsistunt
756 2399 864 2456 erroris
882 2399 924 2456 sui
945 2398 1050 2478 probra
1073 2418 1145 2478 cog-

160 2492 293 2540 noscant.
324 2481 428 2546 ¹Aiunt
446 2500 517 2559 ergo
537 2483 583 2560 qui
600 2477 794 2562 ‘sapientiores
812 2493 877 2542 sunt
903 2484 979 2542 inter
1006 2484 1142 2560 gentiles,

160 2568 250 2646 primo
271 2567 392 2624 omnium
413 2565 506 2624 Chaos
525 2567 626 2638 luisse,
648 2569 704 2626 hoe
725 2570 908 2646 permultum
927 2579 1038 2648 tempus
1062 2580 1144 2628 exte-

160 2652 254 2709 riores
273 2651 315 2709 sui
334 2648 459 2709 solidans
477 2663 586 2730 partes,
609 2653 680 2711 lines
699 2652 753 2711 sihi
772 2664 801 2712 ct
820 2651 934 2712 lundam
950 2652 1089 2732 quendam
1100 2655 1144 2714 le·

161 2737 235 2794 cisse
255 2747 386 2816 tanquam
405 2738 433 2795 in
454 2739 498 2795 ori
518 2738 645 2797 immanis
664 2737 776 2798 modum
791 2740 966 2818 formamque
977 2739 1141 2811 collectum,

160 2823 234 2892 intra
253 2821 327 2901 quod
346 2824 434 2880 multo
453 2823 632 2882 nihilominus
643 2835 773 2904 tempore
785 2825 864 2905 quasi
879 2825 952 2882 intra
971 2826 1016 2884 ori
1028 2835 1140 2896 testam,
1158 2866 1162 2876 ·

151 2909 247 2966 'lotum
267 2908 493 2986 rivilicatumque
514 2925 577 2968 esse
593 2910 696 2968 animal
708 2909 861 2988 quoddam,
882 2909 1067 2990 disruptoque
1077 2921 1144 2990 post

151 2993 232 3051 'haec
252 2995 364 3050 immani
383 2993 431 3051 illo
451 2992 538 3071 globo
557 2996 738 3072 processisse
757 2995 884 3072 speciem
904 2994 1041 3073 quandam
1053 2996 1143 3054 honri-

158 3079 202 3136 nis
230 3076 349 3156 duplicis
376 3078 506 3149 lermae,
542 3099 622 3157 quam
650 3078 691 3136 illi
718 3079 992 3158 masculo-seminam
1019 3090 1140 3153 vocant3

157 3163 232 3221 huuc
252 3163 336 3222 etiam
355 3161 509 3223 Phanetarn
530 3165 720 3233 nominarunt,
742 3164 776 3223 ah
797 3162 975 3242 apparendo,
997 3165 1061 3242 quia
1079 3183 1143 3222 eum

159 3249 349 3327 apparuisset,
370 3249 510 3329 inquiunt,
531 3259 598 3308 tunc
618 3251 701 3308 etiam
721 3250 769 3307 lux
796 3249 912 3306 eliulsit.
959 3247 997 3306 ut
1023 3268 1061 3308 ex
1087 3249 1142 3307 lroe

158 3333 256 3402 dieunt
274 3335 455 3412 progenitam
475 3353 539 3400 csse
559 3334 768 3406 Substantiam,
798 3331 991 3404 Prudentiam,
1020 3332 1140 3405 Motum,

151 3417 287 3490 'Coitum3
317 3439 354 3476 ex
381 3419 423 3476 his
451 3419 555 3479 laetum
581 3420 692 3479 coelum
712 3429 742 3479 et
759 3430 878 3478 terram.
924 3418 969 3478 Ex
988 3418 1071 3478 coelo
1090 3436 1143 3479 sex

156 3505 325 3582 progenitos
343 3522 448 3576 mares,
469 3524 539 3584 quos
558 3516 588 3563 et
604 3505 721 3564 Titanas
739 3505 897 3584 appellant3
918 3505 1049 3564 similiter
1067 3499 1148 3569 etde-

158 3597 237 3647 terra
255 3607 306 3648 sex
326 3590 467 3662 leminas,
498 3609 567 3669 quas
585 3589 732 3650 Titanidas
750 3591 930 3662 vocitarunt,
960 3601 990 3649 et
1007 3600 1072 3648 sunt
1090 3608 1143 3648 oo·
1204 3628 1207 3641 ι

156 3675 347 3733 minaeorum
368 3673 480 3755 quidem
500 3676 546 3757 qui
566 3696 602 3734 en
621 3675 705 3734 coelo
725 3677 779 3734 orti
791 3684 866 3747 sunt,
887 3675 976 3734 llaec:
995 3673 1139 3746 Oceanus,

157 3757 264 3830 Coeus,
285 3760 379 3830 Crios,
401 3759 561 3840 Hyperion‚
583 3759 713 3840 lapetos,
735 3756 858 3830 Cronos,
880 3761 926 3839 qui
941 3757 1143 3838 apadnosSa-

155 3853 255 3902 turnus
274 3846 444 3905 nominatur.
493 3845 631 3908 Similiter
650 3857 680 3906 et
698 3866 794 3906 earum
815 3858 925 3924 qua'ee
952 3855 1032 3905 terra
1060 3857 1141 3903 ortae
