2634 4400
666 331 737 397 tot

599 423 812 441 *un*

209 542 341 611 virtutes,
362 541 391 599 iu
409 540 465 599 isto
483 532 578 599 autem
596 538 702 599 visibili
715 536 823 597 *muodo
841 540 920 597 nasei
939 539 1081 599 hominum
1100 539 1195 598 multi-

209 626 335 685 tudinem
355 624 444 697 dedit,
466 625 622 703 exquibus
641 625 768 701 eligeret
784 625 894 683 amicos
904 624 1037 696 liliosae,
1057 642 1121 683 cum
1133 624 1196 704 qui-

208 712 261 771 lrus
279 712 447 782 laetaretur,
469 712 564 789 etqui
583 710 610 769 ei
629 720 761 789 tunquam
779 728 885 787 sponso
904 720 934 768 ut
957 708 1063 768 dilectu
1089 730 1193 787 sponsa

208 806 390 877 pararentur.
436 794 544 855 Verum
562 814 652 874 usque
671 792 707 853 ad
725 795 884 873 nuptiarum
902 805 1025 873 tempus,
1054 794 1131 873 quod
1150 806 1195 854 est

208 882 374 960 praesentia
392 881 500 940 saeculi
519 881 641 951 venturi,
663 881 763 939 statuit
779 880 912 937 virtutem
939 878 1092 958 quandam,
1121 900 1194 959 quae

209 986 246 1026 ex
272 967 315 1025 his
343 984 414 1045 quae
441 967 469 1023 in
497 965 551 1024 hoc
580 964 683 1025 mundo
702 975 876 1035 nascuntur,
897 965 986 1042 eligat
1004 976 1035 1023 ει
1052 964 1196 1023 custodiat

208 1052 361 1123 meliores,
390 1069 424 1109 ac
443 1061 540 1109 servet
560 1050 617 1109 lilio
645 1070 697 1109 suo
726 1044 921 1127 sequestratos
939 1052 968 1107 in
988 1051 1053 1111 loco
1073 1049 1195 1128 quodam

208 1134 302 1195 mundi
314 1138 453 1214 quieutra
472 1147 622 1213 peceatum
643 1146 698 1206 est,
718 1136 747 1192 in
767 1154 821 1212 qno
837 1136 891 1193 iam
902 1146 967 1194 sunt
976 1136 1125 1213 aliquanti,
1145 1136 1194 1212 qui

208 1220 246 1279 ibi
266 1222 343 1280 velut
361 1239 464 1299 sponsa
482 1231 513 1279 ut
531 1220 601 1293 dixi,
623 1218 731 1279 deeora
750 1218 785 1278 ad
801 1220 1195 1300 sponsipraesentiumprae·

208 1317 354 1385 parantur.
401 1304 473 1365 Nam
492 1304 587 1364 mundi
606 1307 688 1365 huius
706 1316 737 1365 ει
762 1306 936 1383 praesentim
953 1306 1088 1384 temporis
1115 1306 1195 1384 prin-

209 1410 278 1471 ceps
296 1389 426 1450 adultero
449 1391 548 1450 similis
567 1401 621 1463 est,
643 1392 692 1470 qui
710 1401 820 1449 mentes
839 1384 1193 1469 horninumcorrumpitae

208 1478 307 1548 violat,
328 1487 359 1535 et
376 1497 392 1535 a
411 1474 557 1535 desiderio
576 1478 637 1535 veri
656 1478 755 1555 spousi
773 1474 927 1548 seducens,
948 1475 1030 1535 illicit
1049 1474 1085 1534 ad
1098 1476 1194 1535 aliena

209 1560 366 1621 desideria.
746 1618 752 1626 J

249 1645 284 1705 ll.
331 1645 391 1707 Sed
410 1644 488 1707 dicet
506 1645 622 1726 uliquis:
653 1644 727 1721 Quid
755 1666 826 1723 ergo
854 1664 975 1705 neeesse
1004 1655 1068 1705 erat
1090 1647 1193 1705 lustum

207 1733 365 1811 principem
388 1732 464 1803 lieri,
485 1734 532 1810 qui
551 1752 568 1790 a
585 1752 655 1799 vero
675 1732 804 1811 principe
822 1742 934 1789 mentes
949 1729 1194 1790 hominumdeeli·

208 1822 310 1891 naret?
330 1818 467 1891 Quoniam
487 1815 556 1876 deus
575 1818 672 1896 quint
698 1815 773 1886 dixi,
803 1816 862 1873 lilio
889 1836 941 1875 suo
969 1818 1076 1875 etnicos
1102 1817 1194 1874 voluit

190 1904 392 1981 praeparare,
412 1922 469 1961 non
488 1903 629 1963 costales
649 1921 714 1961 esse
731 1902 832 1972 voluit,
854 1903 901 1980 qui
921 1902 1095 1960 necessitate
1109 1913 1193 1973 nutu·

106 2032 109 2035 -
207 2000 259 2047 rae
277 1985 354 2045 aliud
372 1986 438 2065 quid
457 2007 521 2047 esse
540 2008 596 2047 non
615 1997 744 2065 possent,
764 1985 818 2045 sed
835 1987 883 2065 qui
900 1986 1020 2045 arbitrio
1039 1997 1192 2047 suoetvo-

207 2070 317 2131 lentate
335 2070 402 2131 boni
423 2090 487 2132 csse
507 2071 722 2143 desiderarent3
745 2074 811 2151 quia
821 2090 875 2130 uec
887 2071 1027 2130 laudabile
1038 2083 1095 2143 est,
1115 2070 1191 2150 quod

208 2178 266 2218 uon
286 2167 332 2217 est
349 2154 553 2230 desiderabile,
574 2178 628 2219 nec
647 2156 751 2217 honum
770 2156 922 2229 iudicatur,
952 2156 1027 2236 qnod
1047 2176 1102 2216 uon
1122 2177 1191 2236 pro·

164 2275 167 2282 Δ
205 2246 300 2322 posito
312 2244 471 2322 expetitur:
492 2245 560 2304 nihil
572 2243 748 2303 enimlaudis
766 2239 857 2323 estid
875 2262 952 2314 esse,
973 2263 990 2302 a
1008 2263 1063 2322 quo
1082 2254 1111 2300 te
1130 2263 1191 2302 uru-

205 2330 261 2388 tari
279 2327 397 2389 naturae
416 2332 574 2388 necessitas
593 2350 650 2388 non
669 2331 754 2390 sinet.
779 2327 963 2387 Providentia
981 2347 1052 2406 ergo
1072 2327 1119 2387 dei
1137 2328 1190 2387 ho-

207 2415 311 2474 miuum
329 2413 535 2486 multitudinem
553 2416 633 2474 nasei
652 2416 680 2473 iu
699 2416 754 2473 hoc
773 2412 876 2472 mundo
894 2414 995 2486 voluit,
1024 2424 1054 2472 ut
1072 2433 1110 2472 ex
1127 2415 1191 2492 plu-

161 2571 166 2580 Ι
207 2500 286 2558 ribus
305 2499 483 2578 eligerentur
500 2500 546 2578 qui
566 2501 667 2560 iustam
686 2496 841 2578 diligerent
849 2500 946 2559 vitam.
968 2499 1005 2558 Et
1023 2500 1088 2577 quia
1106 2519 1191 2577 prae·

207 2595 318 2644 sentem
336 2583 466 2644 mundum
485 2583 628 2664 praevidit
645 2605 703 2644 non
721 2586 808 2644 aliter
828 2603 913 2664 posse
940 2585 995 2642 uisi
1022 2582 1190 2644 diversitate

207 2680 238 2728 ct
255 2670 457 2748 inaequalitate
477 2681 624 2742 constare,
645 2669 800 2731 secundum
817 2671 1010 2749 praesentium
1032 2688 1128 2728 rerum
1146 2666 1191 2727 di·

205 2755 357 2814 versitotes
375 2757 527 2834 unicuique
546 2758 634 2816 menti
652 2757 813 2816 libertatem
824 2766 946 2814 motuum
957 2753 1048 2827 dedit,
1069 2765 1100 2814 ει
1115 2755 1190 2815 huno

205 2839 364 2920 principem
383 2841 489 2917 posuit,
511 2860 566 2918 quo
585 2861 712 2920 eaquae
732 2842 879 2900 contraria
896 2839 1029 2900 videatur
1046 2840 1186 2918 agitante,

207 2923 312 2984 electio
331 2924 479 2984 meliorum
497 2924 609 2984 virtutis
629 2944 718 3005 opere
737 2937 895 2985 constaret.

247 3006 282 3069 ii.
329 3007 389 3068 Sed
407 3021 439 3068 ut
455 3011 566 3089 planius
585 3012 635 3071 liat
652 3010 728 3091 quod
747 3010 877 3083 dicimus,
898 3029 951 3092 per
968 3011 1080 3088 singula
1097 3031 1189 3089 expo·

205 3114 316 3154 neruus.
362 3093 506 3176 Numquid
533 3116 631 3171 omnes
657 3097 739 3157 verbi
766 3098 859 3174 gratia
886 3096 1041 3175 oportebat
1067 3114 1132 3155 esse
1159 3097 1188 3154 in

205 3180 260 3240 lroe
280 3179 387 3248 munde,
403 3201 502 3260 reges,
523 3193 572 3240 aut
589 3184 749 3262 principes,
768 3192 818 3240 aut
836 3180 975 3252 dominos,
1005 3192 1054 3242 aut
1079 3179 1189 3260 paeda·

205 3285 316 3345 gogos,
337 3278 386 3326 aut
407 3267 605 3346 legisperitos,
627 3279 675 3326 aut
693 3276 883 3345 geometras,
898 3278 946 3325 aut
964 3266 1110 3338 aurifices,
1140 3277 1189 3324 aut

204 3352 340 3430 pistores,
361 3363 409 3410 aut
426 3352 534 3424 fabros,
555 3363 603 3411 aut
620 3354 833 3430 grammaticos,
854 3363 903 3410 aut
917 3350 1031 3423 divites,
1051 3352 1189 3428 autagri-

206 3435 296 3506 colas,
316 3447 365 3510 aut
384 3438 515 3509 olitores,
535 3448 584 3498 eut
601 3440 774 3516 piscatores,
793 3447 842 3495 aut
859 3439 1019 3515 pauperes?
1038 3437 1189 3495 haeccer-

206 3532 264 3579 tum
283 3530 339 3592 cst,
360 3522 426 3600 quia
445 3542 542 3581 omnes
562 3542 626 3582 esse
645 3542 703 3581 uon
721 3532 865 3601 poteraut.
892 3522 991 3580 Omnia
1009 3522 1188 3581 tamenhaee

205 3605 303 3664 officia
330 3615 360 3664 ει
385 3607 472 3666 ηιεΙιο
499 3609 580 3686 plura
606 3627 745 3688 praesens
766 3608 827 3666 rita
844 3606 987 3666 homiuum
1005 3607 1136 3684 requirit,
1157 3617 1189 3664 ει

204 3692 267 3750 siue
293 3690 337 3750 his
364 3692 485 3770 transigi
512 3713 569 3750 uon
596 3704 707 3771 potest;
737 3703 782 3752 est
808 3711 880 3769 ergo
899 3691 1066 3752 necessaria
1083 3693 1114 3762 in
1130 3692 1187 3749 hee

201 3772 308 3834 mundo
327 3777 526 3856 inaequalitas.
572 3775 639 3835 Neo
658 3779 734 3837 enim
752 3787 849 3856 potest
859 3796 923 3836 esse
933 3796 998 3848 rex,
1018 3775 1188 3836 nisilrabeat

205 3878 276 3936 quos
293 3872 378 3936 regat
395 3871 426 3919 et
443 3860 544 3938 quibus
562 3862 697 3938 imperet,
717 3881 810 3940 neque
827 3871 924 3940 potest
950 3881 1014 3920 esse
1042 3859 1184 3933 dominus,

204 3942 259 4000 nisi
277 3940 382 4004 lrabeat
400 3944 445 4002 cui
464 3942 638 4018 dominetur,
659 3956 690 4004 et
707 3956 825 4006 caetera
842 3945 984 4005 similiter.
