2634 4400
656 227 724 290 ΞΜ

587 321 797 337 m

200 451 302 502 ceraat
319 437 431 501 tonan
451 438 544 497 omnia
560 452 634 515 quae
652 432 689 495 ad
707 453 774 494 usus
789 432 958 493 necessaria
982 442 1049 504 snat
1074 430 1185 493 hben-

200 540 269 600 tem,
298 526 379 585 cuius
405 542 546 585 eameram
573 524 602 581 ia
624 520 765 599 sphaerae
783 537 887 598 gyrum
902 515 1183 589 videet-collectam,

202 630 320 693 eamque
347 611 428 671 vario
455 606 609 688 splendore
634 617 668 665 et
693 604 815 664 diversis
837 601 1008 680 imaginibus
1026 601 1182 681 depictam,

201 697 384 759 luminaribus
402 695 564 774 praecipuis
580 684 942 760 etmaximi'sadoraatam
962 688 1036 766 qais,
1056 688 1183 767 inquam,

202 794 257 856 est,
279 784 326 861 qui
344 778 503 841 huiusmodi
521 778 658 837 fabricam
676 775 788 845 videns,
808 794 865 835 noa
884 774 977 833 statim
997 775 1183 851 pronunciet,

201 890 218 929 a
244 868 453 947 sapientissimo
481 874 511 923 et
536 863 735 943 potentissimo
754 861 865 919 artifice
885 878 951 920 esse
970 863 1186 920 constructam?

200 954 238 1013 Et
255 954 296 1011 ita
314 952 375 1031 quis
394 951 556 1025 invenietur
573 948 722 1025 insipiens,
736 954 775 1005 'ut
791 964 855 1004 cam
869 944 1184 1022 eoeliopusiaspieiat,

201 1036 383 1117 splendorem
401 1036 470 1095 solis
489 1044 589 1093 cernat
606 1052 641 1093 ac
660 1034 761 1103 lunae,
789 1042 931 1090 astrorum
950 1048 1050 1092 cursus
1069 1039 1099 1087 et
1115 1048 1186 1107 spe-

202 1126 263 1183 cies
275 1133 312 1181 et
329 1123 390 1181 vias
409 1118 498 1179 certis
517 1116 675 1179 rationibus
693 1128 724 1175 et
740 1116 916 1195 temporibus
924 1112 1023 1175 videat
1038 1112 1183 1187 delinitas,

201 1229 258 1269 non
277 1218 333 1265 tam
351 1226 369 1263 a
386 1207 515 1284 sapiente
534 1204 606 1263 haec
625 1203 737 1261 artifice
752 1213 783 1261 ct
791 1200 965 1273 rationabili,
986 1199 1187 1278 quamalnipsa

201 1292 341 1373 sapientia
360 1301 389 1349 et
407 1292 518 1349 ratione
538 1288 642 1349 clamet
660 1288 783 1347 effecta?

244 1366 300 1437 21.
348 1374 430 1449 Quod
449 1386 478 1434 et
496 1376 520 1433 si
539 1372 695 1435 secundum
711 1374 784 1431 alios
802 1372 980 1432 Graecorum
998 1371 1187 1451 philosophos

197 1462 301 1524 andire
319 1464 374 1533 vis,
395 1472 425 1521 et
443 1459 617 1519 mechanicis
636 1458 758 1519 imbutus
776 1477 809 1517 es
827 1456 997 1534 disciplinis,
1022 1455 1058 1515 de
1085 1457 1188 1516 excel-

201 1552 241 1609 sis
261 1567 333 1627 quee
352 1545 513 1617 tradantur,
534 1565 590 1605 uon
608 1556 638 1603 te
657 1546 720 1603 sine
738 1542 825 1602 dnbio
844 1544 945 1602 latent.
979 1540 1092 1601 Poauat
1108 1544 1187 1600 enim

199 1636 351 1713 sphaeram
368 1632 528 1710 aequaliter
546 1649 583 1689 ex
609 1631 686 1689 omni
703 1638 785 1707 parte
804 1628 967 1698 collectam,
988 1637 1018 1686 et
1034 1625 1072 1685 ad
1090 1628 1188 1686 omnia

203 1719 334 1778 similiter
352 1718 568 1794 respicientem,
589 1725 675 1793 atque
693 1734 710 1772 a
728 1725 829 1773 centro
847 1724 945 1773 terrae
966 1712 1066 1790 aequis
1084 1714 1188 1790 spatiis

202 1803 374 1872 distinctam,
395 1804 512 1880 ipsaque
530 1802 573 1859 sui
591 1800 765 1879 aequalitate
783 1800 823 1857 ita
849 1797 992 1867 stabilem,
1020 1808 1053 1858 ut
1074 1816 1136 1874 eam
1154 1798 1188 1856 in

201 1889 305 1948 nullam
323 1898 432 1965 partem
448 1886 598 1945 declinare
617 1884 743 1963 undique
760 1884 919 1964 aequalitas
932 1883 1188 1961 collectapermit-

202 1984 259 2044 tat3
279 1974 367 2031 etita
385 1990 402 2028 a
419 1972 496 2029 nullo
515 1971 682 2029 fulcimento
701 1970 838 2029 subvecta
854 1978 1032 2028 sustentatur
1048 1969 1184 2045 sphaera.

203 2055 286 2131 Quod
313 2056 337 2115 si
365 2074 435 2115 vere
462 2048 537 2113 hanc
564 2054 670 2113 habeat
695 2053 907 2115 similitudinem
926 2052 1021 2112 mundi
1040 2052 1184 2124 machina,

202 2140 320 2203 evidens
339 2150 384 2201 est
402 2160 472 2220 opus
491 2140 519 2198 ia
538 2158 573 2200 ea
592 2138 726 2200 divinum.
754 2138 805 2211 ,Si
832 2158 920 2210 vero,
948 2148 981 2196 ut
1006 2137 1068 2201 aliis
1095 2139 1186 2200 risam

202 2239 258 2301 est,
279 2247 365 2306 super
382 2245 470 2306 aquas
488 2227 582 2306 posita
599 2226 724 2305 sphaera
741 2226 787 2284 vel
805 2245 894 2304 super
910 2226 988 2302 ipsas
1006 2225 1110 2296 fertur,
1138 2226 1187 2283 vei

200 2317 231 2373 in
248 2314 317 2394 ipsis
335 2309 468 2385 velvitur,
499 2313 584 2371 etiam
610 2312 652 2370 sic
679 2313 774 2389 magni
796 2312 826 2370 ia
853 2330 889 2369 ea
905 2309 1025 2370 artificis
1043 2329 1116 2388 opus
1133 2307 1187 2369 de·

199 2401 338 2458 claretur.
751 2441 755 2452 ,

242 2483 302 2544 22.
350 2482 410 2544 Sed
436 2503 473 2542 no
498 2480 534 2542 de
552 2482 595 2540 tis
612 2501 688 2560 quae
704 2501 762 2540 non
781 2479 910 2540 omnibus
926 2481 1019 2559 palear
1036 2491 1113 2552 snat,
1140 2482 1188 2539 ia-

201 2579 284 2628 certa
301 2568 433 2628 videatur
448 2566 588 2638 adsertio,
608 2565 646 2625 ad
664 2587 700 2626 ea
716 2569 953 2644 veniamnsqeae
976 2567 1117 2625 neminem
1144 2567 1187 2626 la-

201 2663 275 2712 teat.
323 2653 391 2726 Quis
410 2663 551 2712 astrorum
571 2669 671 2712 aursus
688 2662 768 2710 tanta
784 2653 898 2710 ration
915 2650 1072 2728 disposuit,
1091 2661 1188 2710 ortus-

201 2757 256 2816 que
275 2757 374 2796 eorum
392 2748 423 2796 et
441 2755 561 2795 occasus
584 2737 716 2807 instituit,
735 2738 882 2814 certisque
900 2746 932 2794 et
948 2734 1092 2796 demersis
1112 2747 1186 2796 tem-

200 2819 320 2900 poribus
337 2821 490 2898 unicnique
508 2831 613 2880 tenere
630 2821 706 2879 coeli
724 2822 856 2880 ambiam
876 2819 974 2880 dedit?
993 2821 1062 2893 Quis
1078 2819 1117 2880 ad
1135 2839 1187 2880 oc-

200 2925 297 2964 casum
316 2905 379 2964 aliis
397 2923 511 2983 semper
528 2903 667 2976 tendere,
688 2905 752 2964 aliia
769 2907 856 2965 etiam
870 2904 968 2966 redire
977 2907 1006 2964 in
1016 2917 1108 2965 ertum
1117 2925 1187 2985 per·

200 2991 295 3049 misit?
316 2991 387 3063 Quis
405 2991 540 3068 imposuit
557 2988 670 3050 modurn
688 2991 818 3050 cursibus
835 2993 916 3061 solis,
935 3001 967 3050 ut
984 2991 1110 3050 boraset
1122 2989 1186 3051 dies

202 3086 232 3135 et
247 3095 362 3135 menses
380 3086 411 3134 et
427 3086 587 3154 temporum
606 3075 819 3135 vicissitudines
837 3074 959 3135 diversis
985 3074 1108 3135 motibus
1125 3077 1186 3153 sig-
1278 3103 1282 3107 ·

199 3172 261 3232 net,
283 3173 313 3221 et
329 3181 405 3220 nune
424 3161 558 3233 hiemem,
578 3160 646 3220 iude
664 3181 728 3232 ver,
750 3171 906 3231 aestatem,
927 3161 994 3239 post
1018 3172 1050 3220 et
1075 3171 1186 3220 autum-

199 3267 266 3306 num
286 3258 368 3318 certa
386 3266 486 3305 cursus
504 3248 547 3305 sui
564 3244 745 3306 dimensione
763 3245 920 3317 discernat,
942 3257 972 3305 et
989 3246 1187 3324 sempereis·

199 3331 266 3390 dem
291 3331 402 3390 vicibus
430 3333 498 3390 anai
525 3331 624 3390 orbem
651 3332 801 3402 incendisse
827 3332 968 3391 verietate
986 3331 1185 3408 constringet?

193 3416 282 3488 Quis,
302 3417 426 3494 inquam,
447 3417 518 3474 tanti
538 3413 647 3474 ordinis
673 3414 907 3487 moderatricem,
934 3437 993 3474 non
1020 3417 1110 3494 ipsam
1137 3414 1186 3475 dei

201 3502 368 3578 pronuntiet
385 3501 572 3578 sapientiam?
599 3498 638 3556 Et
665 3499 737 3558 haee
756 3499 870 3578 quidem
887 3499 1042 3560 secundnm
1060 3501 1111 3559 ilia
1128 3519 1186 3558 ao-

199 3583 244 3644 his
269 3583 350 3644 dicta
375 3587 447 3656 sint,
476 3603 550 3663 quae
569 3583 605 3642 de
624 3585 806 3644 excelsorum
824 3585 984 3664 disciplinis
1001 3584 1152 3644 tradantur
1168 3605 1187 3644 a

199 3668 333 3729 Graecis.
792 3686 796 3692 '

244 3754 301 3814 25.
348 3751 420 3827 Quid
447 3763 541 3812 antem
568 3763 599 3811 et
625 3751 661 3812 de
688 3753 743 3826 his,
772 3774 844 3833 qnae
871 3755 916 3814 vei
940 3757 969 3813 in
986 3755 1074 3813 terris
1091 3755 1139 3812 vel
1154 3754 1185 3812 in

200 3840 271 3897 mari
288 3837 436 3897 videmus?
455 3855 549 3896 nonne
569 3837 720 3898 evidenter
738 3838 905 3912 oseem,
925 3838 974 3900 dci
999 3839 1029 3902 ia
1055 3839 1100 3900 his
1127 3859 1185 3898 aon
