2634 4400
582 295 624 356 51

108 494 219 560 tionem
237 510 424 570 mortuorum,
445 497 592 579 indignata
610 511 667 574 est,
687 504 727 561 ita
745 513 776 561 ιιι
794 502 905 583 quidam
924 505 961 563 ex
979 504 1096 584 ipsisde

109 583 206 646 medio
225 585 323 664 populi
341 584 530 657 exclamaret,
552 584 664 658 dieeus,
692 589 808 648 multum
827 609 927 649 errare
955 609 1018 661 eos,
1048 593 1096 670 qui

109 681 213 750 putent
230 673 357 728 manuos
375 668 530 749 aliquando
545 690 714 750 resurgere.
743 673 852 734 Coutra
870 675 943 733 bure
961 635 1095 746 Andreas

110 769 191 814 meus
209 755 302 814 irater
319 755 510 842 respondeus,
531 755 630 815 detuit
648 777 779 819 errorem
797 779 854 818 uon
869 779 947 830 esse,
967 759 1020 819 sed
1029 780 1094 819 cer

109 840 247 900 tissluraut
267 838 363 911 iidem,
385 837 475 919 quod
480 843 584 900 mortui
603 854 772 920 resurgant,
792 842 947 903 secuudum
966 863 1095 924 eaquae

111 924 211 984 docuit
236 926 272 995 is,
303 943 386 1004 quem
413 925 531 1006 Moyses
558 925 704 1005 praedixit
730 939 877 987 venturum
904 929 1092 1008 prophetam,

35 1049 37 1056 ·
110 1019 161 1069 aut
178 1011 203 1068 si
221 1029 278 1067 nou
295 1008 445 1070 videretur
463 1011 505 1070 eis
527 1012 590 1089 ipse
617 1031 683 1072 esse
702 1033 784 1091 quem
802 1013 949 1091 praedixit
961 1011 1093 1093 Moyses,

110 1094 147 1154 de
176 1094 243 1165 boo,
272 1095 374 1173 iuquit,
404 1095 496 1173 primo
523 1099 698 1174 requiratur,
727 1108 758 1156 ut
775 1117 839 1157 earu
862 1097 1039 1158 evidenter'
1031 1119 1095 1178 ipse

109 1180 200 1238 fuerit
217 1178 364 1264 probatus,
385 1180 454 1238 uibil
473 1179 509 1239 de
528 1181 639 1260 reliquo
660 1183 809 1261 superbis
827 1203 900 1262 quae
919 1183 1018 1243 doeuit
1034 1204 1101 1243 am··

108 1264 238 1342 bigatur.
286 1254 365 1324 llaec
383 1274 479 1325 autem
497 1277 528 1324 et
546 1265 590 1324 bis
608 1267 714 1326 similia
730 1269 814 1347 plura
831 1270 1095 1348 protestatussiluit

8 1391 9 1396 κ
107 1348 256 1408 Andreas

152 1432 209 1493 iil
257 1433 430 1495 samaraeus
447 1451 519 1496 vero
537 1435 668 1515 quidam,
697 1439 845 1496 sorbaria
861 1439 970 1518 populo
989 1451 1020 1499 et
1037 1438 1094 1499 deo

110 1521 243 1620 loqueus3
263 1529 294 1579 et
310 1539 404 1620 aeque
423 1531 552 1580 mortuos
577 1520 716 1590 adserens
743 1534 971 1595 resurrecturos,
999 1543 1094 1602 aeque

110 1619 175 1663 euru
194 1605 241 1682 qui
259 1605 329 1663 est
321 1625 349 1662 ιιι
369 1603 546 1664 Hierusalem
566 1606 672 1665 cultum
691 1605 738 1666 dei
756 1606 927 1678 teueudum,
947 1606 999 1667 sed
1012 1629 1094 1666 mou-

108 1700 168 1748 tem
188 1684 303 1748 Gariaiu
321 1688 526 1761 venerandum,
554 1689 667 1750 addidit
692 1702 795 1750 eontra
821 1713 874 1751 uos
901 1694 987 1758 etiam
1006 1693 1091 1764 baee,

109 1773 187 1853 quod
205 1773 285 1833 lesus
303 1785 403 1834 austu
420 1795 477 1834 noa
496 1786 574 1834 esset
591 1777 666 1855 ipse,
686 1795 770 1856 quem
788 1759 906 1856 bloyses
923 1778 1093 1879 ριοιιιιιιιιιιι

8 1860 13 1874 ‘
108 1869 258 1918 venturum
277 1873 341 1919 esse
364 1859 553 1939 praedixerit.
599 1859 761 1920 Adversum
786 1862 862 1920 burte
889 1873 919 1922 et
941 1858 1026 1922 alium
1045 1865 1093 1942 qui

109 1963 174 2002 eum
201 1945 265 2023 ipso
292 1944 364 2003 bauo
392 1943 494 2004 eadem
512 1933 753 2024 prosequebatur,
773 1944 920 2008 Zebedaei
939 1948 990 2006 lilii
1009 1884 1094 2008 laco·

108 2029 163 2087 bus
180 2039 211 2088 et
229 2027 370 2089 lobauues
388 2030 576 2089 veberueuter
594 2031 687 2090 obuisi
705 2041 782 2103 suat,
811 2042 841 2092 et
858 2033 985 2111 quamvb
1004 2033 1094 2092 babe-

108 2124 176 2172 rent
193 2112 371 2185 mandatum,
400 2133 437 2173 ue
463 2113 688 2193 ingrederentur
713 2115 845 2176 civitates
872 2135 971 2176 eorum
998 2137 1092 2196 aequo

107 2199 226 2259 verbum
246 2200 288 2258 eis
306 2198 530 2281 praedicationis
540 2201 693 2273 inferrent,
718 2213 812 2261 tameo
823 2222 859 2261 ue
868 2222 964 2262 sermo
978 2221 1090 2275 eorum,

109 2286 134 2343 si
151 2285 315 2343 contutatus
335 2304 390 2344 nou
411 2296 500 2355 esset,
520 2286 640 2345 aliorum
659 2285 791 2345 laederet
800 2286 897 2358 iidem,
917 2285 1092 2365 itaprudeo-

109 2381 156 2427 ter
182 2380 212 2427 ot
238 2370 353 2429 lortiter
379 2368 612 2448 responderunt,
641 2381 674 2428 ut
699 2381 869 2449 perpetuum
888 2373 930 2429 eis
948 2371 1092 2431 silentium

110 2453 223 2513 darent.
270 2452 343 2513 Nam
373 2453 493 2513 lacobus
521 2453 558 2513 de
572 2455 800 2515 resurreetione
823 2466 1000 2515 mortuorum
1026 2476 1091 2516 euru

108 2540 197 2597 totius
215 2539 422 2619 populilavore
441 2542 599 2617 peroravit,
620 2538 761 2599 lobanues
779 2560 850 2599 vero
868 2538 1005 2611 ostendit,
1026 2543 1093 2620 quia

109 2624 132 2681 si
152 2628 301 2683 cessarent
317 2623 355 2682 ab
373 2642 475 2683 errore
494 2626 597 2683 montis
607 2621 735 2697 Gerizim,
756 2636 968 2704 cousequenter
985 2646 1091 2703 agnos-

109 2720 212 2767 cerent
228 2709 320 2787 ipsum
338 2728 402 2769 esso
422 2709 526 2782 lesum,
547 2711 594 2789 qui
612 2709 769 2791 meandum
787 2711 967 2789 prophetiam
980 2710 1092 2790 bloysis
1148 2784 1154 2787 -
1202 2719 1206 2733 “

9 2834 10 2841 ι
109 2793 333 2871 exspectabatur
350 2812 414 2853 esse
432 2804 585 2872 venturus,
600 2796 733 2873 quoniam
752 2794 865 2873 quidem
883 2796 966 2873 sigua
983 2806 1014 2854 et
1022 2816 1091 2874 pro·

9 2940 10 2955 ,
109 2875 199 2955 digia,
219 2889 251 2936 ut
267 2879 340 2939 ieoit
355 2878 484 2959 Moyses,
505 2880 546 2938 ita
563 2880 635 2938 iecit
652 2880 738 2939 etiam
757 2880 849 2951 lesus,
870 2891 901 2939 et
910 2878 1024 2939 dubium
1033 2900 1091 2940 roa

107 2973 154 3021 est
172 2963 238 3041 qoiu
256 2961 451 3022 similitudo
428 2984 574 3041 signorum
597 2965 689 3042 ipsum
708 2984 773 3023 esse
791 2976 925 3036 testetur,
946 2985 1028 3043 qoem
1050 2966 1091 3023 si·

9 3052 10 3061 ’
108 3058 157 3105 eut
175 3064 207 3104 se
226 3046 297 3104 dixit
315 3064 381 3105 esse
398 3060 558 3107 venturum.
606 3046 686 3107 llaee
705 3060 736 3107 et
753 3048 809 3108 alia
826 3050 970 3128 plorabis
987 3050 1091 3110 similia

107 3128 263 3210 protestati
286 3130 404 3190 siluere.

150 3214 207 3274 58.
254 3212 291 3273 Et
318 3233 389 3274 eece
417 3204 529 3295 quidam
548 3214 584 3274 de
611 3212 722 3275 Scribis
750 3215 786 3275 de
808 3216 904 3275 medio
923 3217 1020 3296 populi
1039 3238 1091 3278 ex·

108 3302 234 3360 clamans
252 3302 308 3358 ait:
338 3300 418 3359 lesus
441 3311 538 3359 vester
555 3301 599 3378 si
583 3320 638 3359 ιἰιιι
656 3313 688 3360 et
705 3298 837 3379 prodigia
857 3321 928 3380 quae
947 3303 1030 3374 feeit,
1060 3315 1091 3362 ιιι

107 3404 207 3463 magius
230 3404 286 3443 ιιοιι
313 3395 344 3444 ιιι
361 3385 504 3464 propbeta
522 3387 604 3445 lecit.
653 3385 725 3444 lluie
744 3386 890 3465 Philippus
902 3387 1091 3448 tebemeuter

108 3471 237 3529 occurrit
263 3468 434 3542 ostendeus,
456 3470 593 3549 quiahoc
613 3472 726 3547 ratione
744 3482 897 3530 accusaret
911 3473 996 3530 etiam
1004 3472 1090 3552 bloy-

108 3574 171 3613 seu.
193 3554 345 3614 Curueuim
355 3554 605 3634 Moysessigoaet
622 3554 756 3633 prodigia
773 3558 878 3616 feeerit
895 3559 924 3615 iu
938 3557 1087 3635 Aegypto,

108 3640 239 3697 similiter
256 3648 350 3698 autem
370 3650 400 3698 et
418 3639 501 3699 lesus
516 3640 545 3699 in
556 3638 673 3712 ludaea,
694 3639 817 3700 dubitari
833 3662 889 3700 uon
899 3643 1001 3718 possit,
1022 3642 1089 3717 quia

109 3723 184 3802 quod
202 3722 237 3782 de
256 3724 320 3783 lesu
340 3723 498 3796 diceretur,
519 3722 680 3783 boeotiam
703 3724 743 3784 de
760 3724 864 3805 Moyse
892 3724 948 3783 diei
974 3722 1089 3782 videre-
1111 3759 1115 3767 -

109 3818 165 3867 tur.
196 3808 276 3867 llaec
295 3819 325 3867 et
343 3808 386 3867 bis
405 3810 508 3868 similia
526 3810 608 3887 plura
625 3819 801 3887 protestatus
824 3810 902 3868 siluit
928 3806 1099 3885 Philippus·

148 3888 205 3951 out
249 3888 421 3955 Pharisaeus
449 3890 542 3955 autem
566 3892 678 3975 quidam
702 3891 821 3955 audieus
839 3894 925 3966 baeu,
944 3892 1089 3954 insimula-
