2634 4400
604 278 667 338 151

487 351 817 391 ,ΜΟ

138 481 205 560 ipsa
223 499 318 540 rurum
337 481 412 540 ratio
431 479 534 554 doeet3
554 483 725 544 solus-enim
743 495 789 545 est
804 485 994 562 rationabilis,
1014 500 1046 550 et
1054 511 1124 552 eon·

138 585 266 644 sequens
289 577 335 625 est
360 577 391 624 nt
408 567 482 624 ratio
501 568 742 628 irrationabilibus
760 568 932 632 dominetur.
979 573 1033 634 llic
1051 595 1147 656 ergo¹

138 651 177 708 nb
196 653 278 709 initio
298 671 361 710 enm
379 649 471 709 ndbno
490 653 580 711 iustus
599 664 689 726 esset,
709 656 821 715 emetis
837 657 914 715 vitiis
932 668 964 716 et
980 662 1124 721 omnilra·

140 737 255 814 gilitato
274 737 408 815 superior
426 745 504 810 erat,
525 737 573 796 ubi
592 749 686 797 autem
713 741 857 818 precavit,
886 743 962 803 sient
984 744 1123 806 hesterno

137 821 188 880 die
207 815 368 894 desinimus,
391 832 422 880 et
438 821 531 883 iaetus
550 834 595 882 est
612 842 714 882 servus
730 827 856 903 peceati,
875 828 961 885 durni
977 839 1011 910 et
1033 831 1124 907 fragi-

139 907 215 964 litati
234 907 360 964 elli'eitnr
378 905 528 966 obnoxius.
576 907 659 981 Quod
677 908 789 968 ideireo
807 911 944 989 seriptum
962 924 1009 972 est
1025 917 1123 973 ntsei·

137 1002 188 1049 ant
207 991 348 1062 homines,
369 992 434 1069 qnia
451 992 526 1050 sient
544 1011 581 1051 en
600 994 749 1072 impietate
771 994 921 1073 passibiles
948 999 1018 1057 laeti
1043 1011 1121 1073 snut,

137 1078 179 1134 ita
198 1095 252 1153 per
269 1077 406 1154 pietatem
424 1086 544 1155 possunt
561 1097 625 1138 esse
640 1078 842 1157 impassibiles,
862 1072 1124 1143 etnonsolnr'nim-

137 1161 302 1240 passibiles,
329 1181 428 1220 rerum
439 1203 443 1214 .
455 1172 486 1220 et
507 1181 593 1239 parva
612 1165 641 1222 in
660 1163 743 1224 deum
761 1163 819 1223 lide
837 1165 955 1226 aliorum
974 1170 1124 1247 passiones

138 1256 286 1305 curantes.
316 1246 537 1306 ltaenimverus
551 1249 694 1326 propbeta
710 1249 794 1308 nobis
812 1252 1077 1329 promisitdieens:
1093 1258 1122 1329 ¹)

134 1331 232 1390 -Amen
243 1329 308 1388 dieo
317 1331 409 1403 vobis,
422 1335 486 1410 qnia
496 1333 520 1390 si
530 1333 687 1392 habueritis
695 1333 781 1393 fidem
790 1337 866 1393 sieut
875 1355 992 1412 granum
1003 1340 1121 1418 sinapis,

132 1415 244 1474 dicetis
261 1418 351 1476 monti
371 1417 459 1489 -huie,
487 1418 577 1475 transi
599 1419 677 1488 binc,
698 1430 729 1476 et
745 1419 889 1478 transibit.
936 1420 1024 1480 liuius
1041 1425 1123 1482 voeis

135 1502 226 1559 etiam
243 1519 295 1559 vos
313 1502 367 1580 ipsi
386 1500 557 1561 documento
575 1504 746 1580 accepistis,
767 1503 903 1562 besterno
923 1505 996 1562 enim
1015 1504 1063 1565 die
1080 1509 1124 1566 ri·

135 1585 372 1664 distisqnomodo
383 1585 559 1646 adstantibus
573 1587 677 1659 nobis,
687 1587 843 1646 daemones
862 1608 925 1647 eum
943 1590 1123 1667 passionibus

137 1691 209 1750 quas
236 1671 395 1730 bominibus
413 1673 597 1744 invexerant,
617 1674 793 1730 transierunt
810 1682 840 1731 et
857 1673 950 1750 fugati
967 1685 1043 1733 sunt.

179 1755 216 1814 5.
264 1756 335 1828 Quia
353 1775 425 1833 engo
443 1757 492 1814 alii
519 1755 631 1834 quidem
658 1757 788 1816 boninus
815 1759 975 1835 patiuntur,
1004 1759 1053 1817 alii
1070 1779 1123 1838 pa·

134 1842 244 1899 tientes
262 1852 373 1911 sanant,
395 1860 495 1899 caussa
514 1843 576 1900 sine
594 1840 681 1902 dubio
699 1842 745 1900 vel
772 1841 901 1919 patiendi
927 1845 973 1902 vel
1001 1845 1122 1904 'curandi

135 1923 285 1984 noscenda
304 1936 359 1998 est,
380 1945 452 2003 quoe
470 1946 527 1984 non
545 1927 601 1985 alia
620 1946 696 1998 esse,
717 1945 798 2005 qnam
816 1928 990 2006 patientibus
1008 1929 1129 2008 quidem.

135 2009 328 2082 infidelitatis,
350 2011 513 2070 curantibus
531 2031 601 2071 veru
620 2011 688 2070 fidei
707 2010 929 2072 demonstratur.
963 2013 1121 2074 lnlidelitas

134 2097 213 2154 enim
233 2094 296 2154 dnm
315 2115 371 2153 non
391 2094 485 2154 erudit
502 2098 625 2156 futurum
644 2097 779 2156 indieinnn
799 2096 858 2167 dei,
878 2097 1019 2175 peccandi
1030 2086 1122 2158 lieen-¹

134 2182 205 2241 tiam
224 2181 355 2259 praebet,
376 2191 526 2259 peceatum
543 2182 1121 2259 verobominempassionibnsobnoxinm

134 2268 239 2325 lacit..
266 2266 351 2326 Fides
373 2278 467 2325 autem
486 2268 608 2325 futurum
627 2285 693 2325 esse
713 2266 760 2324 dei
772 2266 1121 2326 indicinmeredenseon·

134 2353 211 2410 tinet
229 2352 356 2410 homines
375 2371 392 2409 a
410 2362 550 2429 peueet03
570 2370 626 2410 non
646 2360 805 2429 pensantes
821 2370 892 2408 vero
910 2370 967 2409 non
985 2352 1076 2411 solum
1085 2352 1121 2409 li·

134 2437 200 2495 beri
219 2448 284 2495 snut
301 2457 318 2495 a
337 2435 521 2496 daemonibus
539 2447 570 2495 et
596 2434 790 2515 passionibus,
818 2454 917 2494 verum
944 2445 975 2494 et
999 2436 1120 2495 aliorum

133 2520 292 2581 daemones
311 2532 342 2581 et
359 2522 509 2599 passiones
526 2522 628 2599 ingere
647 2531 776 2599 possunt.
998 2584 1002 2588 ,

138 2654 147 2672 .,
179 2605 212 2665 d.
259 2606 304 2665 lix
322 2607 366 2665 bis
393 2626 465 2685 ergo
493 2606 621 2667 omnibus
649 2606 806 2684 colligitur,
835 2604 912 2684 quod
929 2607 1013 2685 origo
1032 2606 1120 2665 totius

135 2691 202 2749 mali
221 2692 256 2749 ab
275 2693 438 2769 ignorantia
456 2690 624 2763 descendat,
645 2702 676 2750 et
694 2692 756 2769 ipsa
773 2692 811 2749 sit
832 2692 969 2750 malornm
996 2693 1120 2750 omnium

135 2786 239 2847 mater,
261 2796 334 2856 quae
353 2778 463 2836 incuria
481 2776 594 2855 quidem
614 2788 644 2836 et
662 2776 776 2854 ignavia
794 2778 939 2854 gignitur,
968 2777 1121 2855 negligen-

133 2862 177 2919 tia
193 2882 264 2920 vero
287 2863 373 2919 ulitur
391 2872 421 2920 et
442 2874 565 2939 augetur
593 2874 679 2940 atque
698 2863 726 2919 in
745 2862 875 2921 sensibus
902 2862 1045 2919 bominum
1071 2882 1120 2919 ra·

132 2937 261 3015 dieatur,
280 2964 363 3021 mann
382 2948 406 3003 si
423 2948 487 3023 quis
505 2949 581 3005 lorte
600 2946 706 3005 doceat
724 2944 920 3024 effugandam,
949 2948 1028 3005 velut
1045 2948 1120 3004 anti-

129 3032 200 3109 quis
219 3040 249 3086 et
267 3025 466 3086 haereditariis
485 3028 600 3087 sedibus
618 3024 740 3088 moleste
759 3042 789 3087 et
810 3028 994 3105 indignanter
1018 3030 1120 3088 avelli·

131 3128 195 3174 tur.
242 3111 279 3169 Et
297 3110 363 3169 ideo
381 3113 523 3191 paululum
542 3111 726 3170 laborandum
746 3113 829 3170 nobis
847 3123 902 3180 est,
931 3123 963 3170 nt
980 3110 1121 3189 indagan-

131 3212 181 3258 tes
199 3198 381 3275 ignorantioe
399 3198 626 3275 praesumtiones
644 3197 783 3255 scientiae
801 3197 914 3255 ratione
940 3201 1118 3272 resecemus,

133 3282 400 3361 inbispraeeipue
420 3284 515 3360 quiin
540 3281 680 3359 aliquibus
706 3282 797 3339 minus
824 3281 912 3338 ruetis
939 3277 1119 3359 opinionibus
1146 3314 1169 3357 s

135 3369 285 3447 praeventi
304 3379 388 3450 snut,
400 3386 453 3445 per
471 3387 539 3445 quas
558 3368 637 3445 quasi
656 3367 707 3427 snb
726 3367 824 3443 speeie
833 3365 954 3424 alieuius
964 3366 1117 3436 scientiae,

131 3454 300 3531 ignorantia
317 3454 346 3511 in
366 3455 409 3511 eis
425 3452 622 3512 vehementius
639 3452 847 3523 radientn1est3
871 3450 940 3509 nibil
960 3452 1034 3510 enim
1053 3469 1120 3528 gra-

136 3540 198 3597 vius
217 3556 297 3617 quam
317 3539 341 3595 si
360 3537 388 3595 id
407 3536 482 3616 qnod
500 3539 615 3614 ignorat
634 3540 707 3616 quis,
727 3538 804 3594 seire
822 3555 854 3595 se
873 3536 986 3608 eredat,
1015 3545 1045 3594 et
1067 3534 1120 3593 de-

135 3622 237 3681 lendat
254 3642 352 3682 verum
371 3641 436 3682 esse
456 3621 531 3701 quod
549 3623 649 3681 falsum
670 3633 731 3703 est,
746 3619 823 3699 qnod
840 3621 898 3679 tale
916 3632 972 3692 est,
993 3620 1076 3698 quale
1094 3620 1120 3677 si

131 3709 199 3787 <pris
218 3708 314 3767 ebrius
332 3709 457 3767 sobrium
476 3727 507 3769 se
525 3704 1116 3787 putotetagatqnidemennetautebrins,

133 3832 354 3851 Q

134 3926 136 3935 ,
174 3894 201 3955 ¹)
217 3895 308 3941 staron.
328 3897 369 3957 Η,
389 3898 428 3943 20.
442 3912 448 3922 ¹

859 3959 899 4032 97
