2634 4400
146 487 231 551 ‚qnam
250 468 387 539 lunonem
407 467 515 543 dicum,
537 468 618 533 duxit
635 489 770 545 nunnoni,
790 474 820 537 in
838 492 894 552 qno
912 474 1009 553 adque
1037 476 1130 537 notin

147 558 181 617 ,lit
199 556 298 626 similis
316 554 440 635 pecudi·
478 555 548 620 luno
565 556 724 617 Vulcanum
751 559 837 636 parit,
866 556 919 624 sed
945 570 976 617 nt
1001 555 1130 631 tradunt,

148 660 206 709 non
226 661 263 701 ex
281 641 350 715 love
369 650 551 720 conceptum.
585 640 629 701 En
647 643 709 721 ipso
728 654 823 701 autem
841 642 910 709 love
928 642 1061 707 Medeam
1078 664 1131 722 gc·

147 728 222 797 nuit,
243 746 324 805 quam
343 745 482 804 responso
501 737 636 807 accepto,
666 726 743 805 qnod
769 730 816 807 qui
843 748 881 789 ex
908 748 944 788 eo
960 740 1132 793 nasceretur

145 814 253 878 fortior
271 812 332 890 ipso
350 822 430 876 ¹esset
448 822 478 871 et
495 830 587 890 regno
606 831 670 877 eunt
689 812 861 891 depelleret,
881 832 1027 875 assumens
1044 814 1131 875 etiam

148 898 213 977 ipse
231 895 369 969 devorat,
390 907 422 955 et
438 916 547 957 rursum
567 898 667 975 gennit
685 896 721 956 de
740 896 864 964 cerebro
883 898 996 979 quidem
1022 898 1130 963 Miner-

148 1003 222 1053 vam,
244 980 279 1041 de
298 982 409 1047 femore
427 1002 497 1043 uero
516 982 663 1044 Liberum.
709 981 778 1043 Post
795 983 868 1049 taso
893 979 1043 1046 Thetidem
1066 1003 1130 1046 euna

143 1066 321 1139 adamasset,
342 1068 420 1127 aiunl
439 1067 639 1130 Prometheum
654 1070 866 1147 pronunciasse
881 1071 920 1140 ei,
940 1067 1132 1147 quodsieon·

147 1150 294 1219 cubuisset
313 1170 375 1212 cunr
395 1171 441 1223 ea,
461 1154 509 1229 qui
528 1172 565 1213 ex
583 1172 618 1211 ea
636 1164 806 1214 nasceretur
824 1154 929 1213 fortior
944 1164 1126 1233 eseetpntre,

52 1242 56 1253 '
150 1248 180 1297 et
198 1236 234 1295 oh
252 1237 308 1302 hoc
326 1238 434 1295 veritos
452 1235 540 1297 Peleo
560 1236 672 1298 cuidam
699 1236 748 1297 dat
774 1257 838 1298 eam
857 1240 885 1297 in
904 1240 1127 1311 matrimonium

150 1322 253 1386 dehinc
273 1320 475 1400 Persephonae
494 1340 567 1401 quae
587 1324 614 1382 ei
633 1341 670 1379 en
689 1323 799 1384 Cerere
817 1324 1130 1402 iueratsuscepte,mi·

149 1418 258 1478 sector,
279 1426 316 1468 eu
335 1426 389 1484 qua
408 1405 574 1486 Dionysium
603 1408 704 1483 genuit
733 1409 781 1485 qui
799 1425 816 1465 a
832 1407 942 1466 Titanis
968 1406 1130 1486 discerptus

146 1503 206 1565 ‚esta
253 1490 312 1551 Sed
331 1490 512 1563 reeordatus,
534 1494 633 1571 inquit,
655 1512 692 1551 ue
711 1492 786 1551 forte
806 1502 891 1569 pater
908 1511 974 1552 suus
993 1491 1130 1551 Saturnus

149 1579 233 1639 ulium
252 1576 338 1637 lilium
356 1587 524 1653 generaret,
546 1578 592 1655 qni
606 1578 697 1639 ,etium
716 1596 748 1638 se
767 1577 1050 1645 fortierunsceretur
1062 1595 1132 1655 reg-

149 1680 244 1741 noque
263 1660 439 1740 depelleret,
460 1681 628 1742 oppugnare
655 1660 824 1739 adgreditur
849 1673 959 1741 patrem
986 1681 1041 1727 una
1068 1682 1141 1735 cnm=

149 1747 284 1817 iratribus
304 1748 365 1805 eius
383 1746 509 1820 Titanis3
539 1747 640 1825 quihus
659 1747 817 1827 oppressis,
845 1746 882 1814 ad
900 1747 1027 1808 ultimum
1045 1750 1130 1810 etiam

149 1833 306 1912 patronio
324 1832 436 1891 vincula
455 1834 591 1902 coniecit,
613 1830 787 1919 desectoque
798 1832 859 1891 eius
868 1832 1004 1909 genitalia
1014 1834 1043 1896 in
1052 1852 1130 1895 utare

149 1918 284 1997 proiecit.
333 1915 392 1977 Sed
411 1936 498 1975 cruor
516 1919 562 1996 qui
573 1916 693 1987 delinxit
702 1936 739 1978 ex
750 1917 880 1989 vnlnere,
901 1930 1051 1998 susceptus
1060 1920 1131 1980 lino·

149 2002 224 2061 tihns
243 2012 273 2061 et
290 2002 433 2079 frequenti
453 2002 602 2071 collisione
622 2004 649 2064 in
672 2023 798 2081 spumans
826 2023 936 2074 versus,
965 2005 1132 2081 procreavit

48 2115 54 2124 s
150 2107 213 2147 eam
232 2106 313 2165 quem
333 2084 431 2163 dieunt
448 2086 639 2166 Aphroditen,
660 2107 799 2167 quamqpe
817 2087 892 2165 apud
915 2108 968 2147 nos
986 2086 1131 2152 Venerem

149 2173 304 2252 appellant.
325 2172 369 2230 lin
387 2173 468 2232 huius
488 2172 641 2234 concubitu
660 2192 732 2250 quae
751 2183 815 2232 erat
831 2173 1036 2250 ntiquesoror,
1055 2173 1131 2232 hune

148 2261 240 2337 ipsum
259 2257 354 2316 lovem
372 2258 469 2326 ‚ierunt
486 2259 622 2332 genuisse
642 2256 761 2335 Cyprio,
783 2276 819 2316 on
837 2275 892 2334 qua
909 2259 988 2319 aiunt
1005 2268 1036 2316 et
1046 2257 1133 2337 Cupi·

150 2342 243 2403 tinen
263 2353 368 2408 netum.

192 2427 250 2486 et.
298 2426 377 2486 llaec
401 2423 513 2503 quidem
542 2425 577 2486 de
604 2426 723 2484 incestis
750 2426 826 2498 cios,
856 2424 922 2486 audi
949 2446 1023 2486 nunc
1047 2427 1132 2489 etde

149 2510 309 2580 nalnlteriis.
356 2510 499 2588 Europam
511 2510 620 2570 Oceani
640 2512 792 2588 coniugem
810 2512 901 2583 rilint,
923 2532 961 2572 ex
974 2514 1132 2590 quanasci·

149 2609 196 2657 tur
214 2595 405 2668 Dodonaens3
427 2595 564 2664 Helenam
584 2594 749 2678 Pandionis,
779 2615 817 2656 en
843 2615 898 2676 qua
924 2599 1052 2658 nascitur
1067 2597 1132 2658 Mu·

150 2701 251 2754 saeos,
279 2681 464 2760 Eurynomen
482 2677 585 2761 Asopi,
607 2702 643 2742 ex
662 2702 716 2761 qun
734 2683 860 2742 nascitur
881 2681 1024 2762 Ogygiasr
1058 2682 1133 2743 ller-

149 2767 264 2828 mioncn
285 2766 404 2837 Oceani,
425 2786 462 2826 ex
480 2787 535 2845 qua
545 2777 699 2826 naseuntur
709 2764 852 2839 Charites,
871 2767 981 2839 Thalia,
1001 2768 1132 2848 Euphro-

150 2872 234 2933 syne,
253 2851 373 2930 Aglaia3
392 2852 511 2912 Themin
529 2872 658 2915 sororem
678 2873 767 2924 suern,
788 2873 826 2913 en
844 2853 1132 2932 quanaseuuturHe·

149 2958 213 3010 rae,
233 2937 420 3017 Eurynomia,
440 2936 525 3008 Dice,
547 2937 645 3010 irone,
665 2939 811 2998 Themisto
826 2939 936 3010 lnaehi,
956 2959 1133 3019 eananae

144 3025 227 3090 ,citur
251 3023 360 3096 Arcas,
398 3021 494 3082 ldeam
521 3021 642 3093 Minois,
678 3042 715 3081 ex
742 3043 797 3100 qua
823 3023 951 3080 nascitur
976 3023 1130 3093 Asteriour

151 3101 335 3180 Phoenissam
352 3107 516 3186 Alphionis,
539 3127 576 3166 ex
594 3127 648 3186 qna
666 3108 794 3166 nascitur
810 3105 987 3185 Endymionr
1016 3106 1048 3166 lo
1067 3107 1132 3170 lna-

152 3194 210 3266 ehi,
240 3213 277 3252 cx
303 3213 359 3272 qun
384 3193 512 3252 nascitur
537 3192 688 3272 Epaphus3
718 3189 932 3270 Hippodamiam
960 3203 990 3250 et
1016 3192 1132 3253 lsionen

151 3277 241 3340 Danai
261 3279 345 3351 lilias,
366 3297 482 3356 quarum
508 3279 592 3337 unani
615 3275 831 3357 Hippodamiam
860 3275 985 3347 Olenus,
1015 3276 1132 3341 lsionen

151 3382 221 3425 vero
239 3362 433 3424 Orchomenus
451 3365 511 3424 sive
531 3359 656 3444 Chryses
674 3361 789 3433 hahuit3
815 3361 941 3421 Carmen
965 3361 1130 3436 Phoenicis,
1166 3376 1175 3394 ⁸

152 3467 188 3509 ex
208 3468 261 3527 qno
275 3448 403 3520 nascitur
411 3447 602 3526 Britomartis,
623 3467 698 3528 quae
716 3449 770 3508 tuit
786 3446 894 3508 sodalis
913 3447 1039 3523 Dianaop
1065 3448 1133 3508 Cal·

151 3534 218 3592 listo
237 3533 393 3612 Lycaonis,
423 3553 460 3592 ex
478 3552 532 3612 que
559 3537 688 3593 nascitur
714 3533 821 3607 Oreas,
849 3531 963 3605 Libeeu
987 3534 1129 3607 Monanti,

153 3638 190 3685 ex
208 3637 262 3696 qua
280 3620 407 3684 nascitur
424 3616 527 3690 Belus;
555 3617 707 3690 Latonam,
736 3639 775 3679 ex
801 3639 855 3698 qua
882 3620 1009 3679 nascitur
1025 3619 1131 3699 Apollo

153 3715 183 3772 rt
201 3701 308 3777 Diana,
328 3702 483 3768 Leonidam
501 3703 735 3783 Eurymedontis,
755 3723 793 3763 ex
811 3722 866 3782 qua
880 3705 1007 3766 nascitur
1017 3703 1130 3779 Conon,
1233 3780 1237 3788 ⁴

152 3787 316 3868 Lysilheam
335 3788 437 3862 Eueni,
459 3810 496 3849 ex
514 3808 568 3868 qna
594 3791 721 3858 nascitur
747 3788 889 3860 Helenus3
918 3787 1132 3868 Hippodamiam
1243 3781 1251 3792 ”

152 3871 396 3953 Bellerophontis,
416 3894 454 3937 en
472 3894 527 3955 qna
545 3876 672 3934 nascitur
690 3873 857 3954 Sarpedon,
876 3873 1053 3952 Megaeliten
1070 3874 1132 3934 Ma·
1155 3930 1158 3937 .
