2634 4400
622 182 669 244 tte

539 273 752 291 Μ

152 387 227 446 iiiios
245 387 335 466 pacis,
356 387 454 446 veniet
471 405 560 466 super
578 406 641 452 eum
660 408 717 467 pan
734 399 847 459 vestra,
867 391 978 450 sivero
996 409 1054 449 uon
1073 390 1151 450 fue·⁷

151 475 202 543 rit,
223 492 279 550 pax
296 481 392 530 vestra
406 469 502 530 advos
521 483 700 545 revertetur3
726 485 867 534 exeuntes
884 473 1034 535 autemde
1053 474 1137 536 domo

150 557 198 615 vel
218 555 253 614 de
273 557 389 615 civitate
408 557 468 627 iiia,
489 567 520 616 ut
538 558 623 616 etiam
641 558 800 636 pulverem,
829 560 876 636 qui
904 558 1070 619 adbaeserit
1085 576 1138 639 pe-

152 641 236 706 dibus
262 642 369 707 nostris
396 643 572 708 enuntiamus
599 661 687 720 super
713 661 776 707 cos,
826 642 1016 709 Tolerabilius
1041 643 1138 714 autern

153 727 209 788 erit
227 736 324 784 terrae
347 722 536 784 Sodomorum
565 736 595 784 et
618 724 877 786 Gomorrbaeorum
909 729 938 785 in
957 726 1005 787 die
1023 727 1136 800 iudicii,

151 830 237 888 quam
246 809 286 866 iiii
297 809 406 867 civitati
416 811 460 868 vei
472 807 578 870 domui.
605 810 687 883 Quod
696 802 794 889 utique
805 813 845 869 ita
863 810 973 874 demum
987 813 1138 892 praecepit

152 889 228 964 iieri,
249 895 272 951 si
283 895 362 972 prius
373 894 529 966 incivitate
538 894 584 961 vei
599 892 684 960 domo
693 897 824 959 veritatis
833 915 928 954 sermo
937 894 1136 975 praedicetur,

152 997 191 1038 ex
201 998 256 1056 quo
266 978 312 1040 vei
322 979 499 1057 recipientes
508 980 638 1038 veritatis
648 979 733 1038 fidem
743 980 793 1038 iiiii
804 981 886 1058 pacis
895 991 926 1042 et
934 981 985 1042 iiiii
996 980 1044 1040 dei
1054 980 1135 1053 tatu,

151 1061 198 1128 vei
217 1083 273 1121 non
292 1062 467 1141 recipientes
485 1074 642 1142 arguantur
659 1065 740 1143 quasi
759 1065 866 1124 'mimici
883 1067 964 1144 pacis
982 1076 1014 1124 et
1026 1062 1090 1131 dei.

194 1147 251 1206 ut.
298 1145 342 1205 itu
361 1165 432 1224 ergo
452 1157 482 1208 et
499 1167 552 1206 nos
570 1149 700 1226 magistri
718 1149 845 1207 instituta
863 1159 1024 1225 servantes,
1035 1167 1137 1228 pacem

151 1231 243 1310 primo
261 1232 445 1310 preponimus
463 1230 652 1304 auditoribus,
672 1244 705 1292 ut
721 1227 829 1313 absque
847 1233 904 1295 ulia
918 1234 1137 1313 perturbatione

151 1317 244 1402 possit
260 1313 421 1374 via'saiutis
439 1317 570 1394 agnosci.
618 1316 701 1390 Quod
726 1319 750 1375 si
770 1318 831 1397 quis
856 1319 937 1396 pacis
962 1317 1050 1378 verba
1076 1337 1136 1378 non

152 1399 270 1488 suscipit
305 1419 398 1482 neque
426 1398 587 1481 adquiescit
612 1400 745 1473 veritati,
773 1403 878 1460 scimus
904 1400 1053 1460 adversum
1072 1421 1137 1461 eun

152 1505 274 1564 pugnum
293 1483 374 1545 verbi
392 1504 525 1556 movere,
555 1495 586 1544 et
602 1504 727 1562 arguere
745 1486 840 1550 aerius
858 1483 1033 1544 confutando
1052 1487 1137 1562 igno-
1241 1528 1245 1535 ι

152 1571 271 1636 rentiam
291 1571 321 1628 et
339 1563 542 1647 redarguendo
568 1581 701 1648 peccata.
735 1569 912 1628 Necessario
930 1570 1019 1648 igitur
1034 1588 1137 1648 pacem

152 1654 349 1733 proponimus,
369 1655 433 1712 utsi
444 1655 505 1734 quis
525 1664 570 1714 est
587 1655 662 1713 filius
678 1655 770 1734 pacis,
790 1673 847 1732 pax
864 1664 963 1712 nostra
979 1654 1077 1712 veniat
1088 1674 1136 1712 su·

152 1757 207 1817 per
224 1757 306 1809 eum,
326 1737 361 1796 ab
381 1748 529 1802 coautem
556 1739 603 1818 qni
622 1757 653 1798 so
676 1739 799 1796 alienum
818 1738 1059 1816 pacis-effecerit,
1088 1755 1137 1796 re·

152 1821 303 1900 gredietnr
320 1819 356 1880 ad
371 1833 607 1900 nospaxnostra.
628 1821 790 1899 Nouergo,
811 1824 904 1893 utais,
926 1840 1137 1881 consensuum·

152 1908 243 1966 iorum
262 1925 363 1983 parem
382 1907 582 1986 proponimus3
611 1927 675 1976 uam
693 1907 791 1986 ntique
810 1907 946 1988 contiuuo
964 1905 1016 1964 tibi
1034 1904 1137 1965 dexte·
1162 1951 1175 1968 .

151 2011 213 2050 rum
232 1989 419 2062 dedissemus,
440 1989 492 2050 sed
509 2001 541 2050 ut
557 2010 610 2070 per
629 1992 753 2071 quietern
773 2001 803 2050 et
816 1991 980 2070 patientiam
991 1988 1137 2050 disseren-

153 2075 227 2136 tibus
245 2074 340 2146 nobis,
361 2077 407 2153 qui
425 2076 463 2133 sit
480 2095 574 2136 sermo
592 2095 689 2148 verus,
709 2076 822 2135 facilius
840 2072 1137 2151 obauditoribusdig·¹

153 2169 300 2221 noscatur.
346 2158 377 2219 Si
404 2170 498 2219 autem
526 2158 667 2221 dissideas
694 2171 724 2220 et
750 2157 901 2219 discordes
926 2177 944 2227 a
969 2153 1136 2237 temetipso,

154 2244 296 2324 quomodo
323 2244 429 2303 satist
460 2243 592 2311 Necesse
619 2255 665 2303 est
690 2255 722 2303 ut
748 2243 848 2316 cadat,
869 2244 916 2321 qui
935 2244 963 2300 in
981 2244 1137 2319 semetipso

154 2327 299 2397 dividitur,
316 2331 343 2402 ¹)
390 2326 480 2387 Omne
506 2329 581 2387 enim
608 2347 730 2405 regnum
755 2329 785 2386 in
803 2328 985 2405 semetipsum
1004 2325 1136 2397 divisum,

153 2434 209 2472 non
229 2412 325 2472 stabit.
373 2410 418 2471 At
436 2413 507 2479 baec
527 2413 550 2471 si
569 2410 635 2499 quid
653 2410 778 2483 videtur,
799 2409 899 2470 dicito.

194 2488 253 2558 52.
299 2498 338 2556 Et
364 2496 479 2556 Simon:
509 2495 663 2557 stultitiam
690 2506 766 2555 tuam
792 2493 929 2555 demiror.
977 2493 1027 2554 Sic
1054 2491 1140 2552 nobis

153 2584 283 2659 magistri
301 2582 342 2641 tui
359 2581 448 2640 verba
464 2582 613 2661 proponis,
643 2582 723 2660 quasi
751 2591 860 2641 certum
884 2577 921 2639 de
943 2597 984 2638 eo
997 2577 1138 2637 habeatur

138 2666 228 2745 quod
248 2667 388 2745 propheta
406 2668 454 2739 sit,
475 2686 557 2744 quem
568 2686 625 2743 ego
643 2666 782 2746 perfacile
802 2664 999 2723 demonstrare
1008 2680 1136 2741 possum,

153 2752 240 2809 muita
258 2750 312 2809 sibi
331 2752 476 2822 contraria
494 2746 650 2829 loquutumJ
696 2748 828 2829 Denique
847 2768 885 2807 ex
902 2748 963 2819 bis,
982 2766 1057 2825 quae
1074 2746 1137 2824 ipse

152 2835 307 2915 protulisti,
327 2855 443 2912 arguam
462 2846 503 2894 to.
531 2835 679 2895 Aiseuim
697 2831 803 2893 dixisse
822 2852 897 2903 eum,
918 2850 1002 2893 omne
1017 2848 1138 2907 regnum

152 2920 200 2979 vel
219 2921 309 2977 omnis
336 2921 436 2977 civitas
464 2918 553 2977 divisa
580 2922 609 2987 iu
627 2919 783 2996 semetipsa
808 2938 865 2975 non
884 2916 986 2975 stabit.
1014 2912 1053 2973 ttt
1069 2913 1138 2971 alibi

153 3006 258 3063 iterum
276 3004 318 3059 ais
337 3022 400 3060 enm
419 3001 537 3073 dixisse,
559 3003 624 3078 quia
642 3002 833 3079 ipsemiscrit
849 2999 985 3077 gladium
1004 3008 1037 3055 nt
1053 3015 1138 3074 sepa·

153 3097 235 3154 reret
253 3105 304 3145 eos
332 3085 379 3163 qui
402 3086 430 3144 in
449 3083 533 3155 domo
551 3095 627 3155 sunt,
648 3085 690 3141 ita
706 3094 738 3141 ut
755 3083 897 3142 dividatur
915 3083 988 3148 titius
1006 3100 1025 3137 a
1041 3090 1135 3157 patre,

154 3184 186 3231 ct
204 3171 262 3229 fitia
280 3179 416 3239 amatre,
437 3169 576 3228 et¹frater
592 3187 610 3225 a
627 3167 731 3237 fratre,
750 3176 782 3224 ut
798 3167 823 3236 si
841 3166 948 3236 ¹fuerint
964 3165 994 3221 in
1011 3182 1067 3221 una
1085 3161 1138 3223 do.-

155 3276 201 3315 mo
221 3248 355 3334 quinqu'e,
376 3251 537 3317 dividantur
554 3263 614 3311 tres
632 3249 781 3310 adversum
801 3248 883 3319 duos',
912 3258 944 3308 et
960 3245 1016 3306 duo
1034 3244 1137 3305 adver·

155 3360 216 3399 sum
239 3349 310 3397 tres.
358 3337 391 3396 Si
410 3357 481 3415 ergo
501 3355 584 3397 omne
611 3333 687 3415 quod
714 3332 861 3405 dividitur,
889 3330 977 3403 cadit,
1006 3332 1062 3390 iste
1089 3331 1138 3407 qui

156 3424 311 3494 divisiones
330 3423 402 3494 iacit
419 3420 542 3489 cadendi
564 3420 710 3499 praestitit
723 3438 850 3489 caussas,
879 3427 910 3477 et
936 3417 961 3486 si
987 3416 1052 3478 talis
1077 3424 1135 3486 est,

156 3510 253 3587 utique
272 3508 360 3567 maius
380 3517 435 3566 est.
481 3503 529 3565 Ad
546 3506 618 3566 haee
637 3502 782 3592 responde
800 3504 823 3563 si
843 3512 938 3582 potes.¹

177 3779 219 3839 ,1)
238 3780 329 3827 trouu
349 3782 390 3838 12,
409 3782 448 3825 25.
