2634 4400
212 462 282 540 bani
298 473 350 534 sed
368 493 405 534 ne
423 475 478 534 hoe
497 477 588 553 ipsum
607 473 733 552 quidem,
753 470 830 551 quod
848 477 896 544 sit,
916 475 994 534 scire
1017 491 1183 552 pommus,

200 557 313 622 scilicet
331 562 396 638 quia
413 579 467 618 nec
487 570 547 631 est,
566 555 626 619 sive
646 560 721 617 enim
739 576 804 619 eum
821 559 914 618 lucem
932 560 1062 636 appelles
1071 571 1102 618 et
1115 561 1185 642 luce

200 647 254 702 ista
273 665 353 722 quam
374 646 516 701 cernimus
534 643 701 713 clariorem,
730 661 833 700 nomeu
851 645 946 721 ipsum
960 664 978 701 a
995 642 1090 702 mnndi
1109 663 1184 702 con·

200 728 298 786 ditore‘
314 729 465 799 rnutuaris3
485 729 546 786 sive
564 727 749 786 substantiam
768 725 877 785 dixeris
895 729 1106 805 superomnia,
1137 730 1183 784 in-

199 812 386 890 telligentiam
405 813 471 869 binc
489 813 603 890 profers
622 829 685 868 cum
695 813 835 869 sermonis
844 822 1010 888 augment03
1030 814 1183 870 sivemen·

199 909 267 967 torn,
289 899 349 955 sive
367 895 536 966 bonitatem,
556 897 616 954 sive
635 896 731 963 vitam,
752 897 812 953 sire
826 893 907 953 alind
925 895 993 973 quid
1002 904 1182 954 memorare·

199 983 250 1050 ris,
271 975 338 1037 hino
357 978 496 1037 vocabula
514 979 659 1036 mutuaris.
708 978 777 1036 Cum
804 998 877 1056 ergo
903 980 973 1037 nibil
992 983 1058 1038 novi
1077 978 1113 1038 de
1131 981 1180 1038 illa

199 1067 305 1122 virtute
324 1082 407 1140 quarn
425 1061 509 1131 dicis,
531 1082 586 1120 non
606 1062 697 1122 solum
714 1060 750 1120 ad
769 1061 996 1140 intelligendum,
1025 1084 1123 1123 verum
1142 1085 1180 1122 ne

156 1144 160 1156 ¹
198 1148 235 1206 ad
253 1145 451 1224 nominandum
470 1145 582 1223 quidem
601 1145 719 1217 babeas,
740 1146 881 1224 quomodo
899 1147 1059 1206 introducis
1076 1168 1180 1207 novum

200 1232 294 1301 deuna,
316 1232 395 1292 cuius
414 1249 468 1288 nec
487 1229 708 1312 appellationem
727 1231 839 1308 quidem
853 1234 1094 1291 invenisnotam'l
1113 1233 1181 1290 Vir·

199 1324 243 1374 lus
262 1316 336 1374 eninr
356 1335 412 1373 non
432 1315 521 1372 solum
540 1325 658 1374 creator
675 1315 770 1373 muudi
790 1314 907 1386 dicitur,
935 1314 988 1374 sed
1010 1326 1041 1374 et
1058 1318 1178 1374 ministri

199 1400 311 1478 gloriae
330 1400 392 1457 eius
411 1401 558 1486 omnisque
578 1399 676 1456 militia
694 1400 850 1458 coelestisae
889 1399 955 1477 Non
970 1399 1022 1458 tibi
1035 1419 1180 1478 ergone·

197 1485 251 1542 lius
270 1481 382 1541 videtur
401 1501 476 1554 esse,
497 1493 528 1540 ut
541 1503 697 1579 sequamur
714 1484 854 1541 lectorem
864 1495 992 1541 nostrum
1002 1484 1096 1554 deum,
1117 1496 1179 1542 tan-

198 1567 299 1645 quam
297 1578 417 1644 patrona
444 1564 622 1626 erridientenr
641 1572 696 1624 nos
712 1577 742 1625 et
759 1564 931 1626 imbuentem
954 1570 1109 1646 sicutipse
1127 1589 1180 1626 no·

199 1654 256 1714 urtl
281 1650 363 1722 Quod
390 1663 420 1708 ot
446 1652 470 1708 si
497 1652 534 1708 sit
561 1651 675 1727 aliquis,
694 1661 727 1707 ut
743 1662 774 1714 tu
792 1651 865 1714 dicis
882 1653 1038 1729 benignior
1053 1655 1179 1710 omniurn

198 1734 279 1804 deus,
301 1745 409 1792 certum
429 1745 473 1792 est
491 1731 630 1810 quianon
649 1733 896 1805 irasciturjnobis,
914 1737 939 1793 si
957 1755 1028 1794 vero
1045 1738 1180 1795 irascitur
1271 1784 1274 1790 ,

198 1813 287 1878 malus
306 1829 359 1876 est.
393 1817 503 1876 Noster
519 1829 613 1876 autem
633 1817 703 1877 deus
721 1821 745 1876 si
761 1821 898 1887 ,irascitur
915 1831 946 1878 et
963 1819 1103 1891 vindicet,
1120 1841 1178 1878 non

200 1913 245 1960 est
262 1902 350 1958 malus
367 1902 419 1960 sed
438 1903 538 2001 iustus,
559 1905 695 1981 proprios
712 1905 785 1962 enim
805 1904 883 1961 lilios
903 1906 1028 1982 corripit
1042 1909 1195 1963 ettamen-³

199 1985 258 2044 dat.
306 1984 357 2043 llle
374 2005 446 2044 vero
464 1989 510 2065 qui
531 1988 599 2046 nibil
618 1989 776 2046 nobiscum
785 1987 871 2046 babet
887 1989 1011 2066 negotii,
1039 1991 1064 2046 si
1085 1989 1180 2047 vindi·

197 2090 267 2131 care
286 2071 381 2128 uelit
373 2091 401 2128 ιιι
419 2091 490 2142 nos,
511 2071 660 2157 quoinodo
678 2071 771 2130 bonus
797 2073 872 2130 eritl
899 2075 1037 2151 supplicia
1065 2093 1180 2146 sumens

199 2154 235 2215 de
254 2153 348 2227 nobis,
368 2151 443 2234 quod
462 2176 519 2215 non
544 2154 686 2221 derelicto
703 2167 797 2235 patre
824 2166 923 2215 nostro
950 2159 1040 2237 ipsum
1066 2160 1179 2257 sequuti

199 2260 292 2302 samm
319 2241 449 2299 inanibus
472 2238 682 2320 suspitionibus
699 2243 799 2311 tracti,
817 2241 959 2320 quomodo
978 2262 1051 2319 ergo
1070 2244 1179 2302 isteta-

197 2326 231 2383 lis
250 2325 340 2388 bouus
358 2346 375 2383 a
393 2337 422 2385 te
441 2326 596 2397 adseritur,
617 2325 669 2405 qni
682 2345 737 2385 nec
756 2328 845 2385 iustus
862 2327 985 2404 intelligi
1003 2338 1111 2404 potest.

218 2448 221 2453 -
240 2408 296 2468 57.
342 2410 412 2468 Tum
423 2408 540 2468 Simon:
558 2410 715 2469 Tantumne
726 2430 807 2470 erras
816 2409 914 2481 Petne,
926 2421 958 2467 ut
975 2412 1099 2480 nescias,
1111 2413 1179 2487 quia

197 2496 307 2553 animae
326 2506 469 2551 nostraea
486 2494 569 2551 bono
582 2493 639 2551 deo
656 2505 722 2552 suot
741 2494 793 2551 illa
810 2496 932 2552 omnium
950 2497 1176 2573 praestantiore,

197 2577 247 2638 sed
259 2580 390 2655 captivae
399 2576 539 2635 deductae
550 2580 652 2635 suntin
663 2579 736 2635 bunc
746 2578 896 2637 mundum?
912 2578 951 2637 Et
959 2578 1076 2636 Petrus:
1097 2579 1177 2655 Ergo

196 2682 253 2720 non
271 2672 317 2721 est
335 2662 464 2720 omnibns
482 2663 656 2739 incognitus,
684 2663 760 2719 sicut
784 2663 869 2740 {mulo
895 2674 963 2721 ante
990 2662 1124 2735 dicebas,
1149 2674 1179 2742 et

196 2757 290 2805 tamen
311 2743 452 2823 quomedo
471 2745 589 2805 indulsit
604 2745 697 2805 bonus
715 2744 786 2803 deus
804 2748 997 2824 captivitatem
1024 2747 1088 2804 beri
1116 2749 1178 2804 ani-

195 2849 303 2888 marum
322 2845 449 2899 suarem,
471 2831 495 2887 si
514 2840 577 2887 erat
594 2848 680 2907 super
697 2848 797 2889 omnen
823 2833 971 2908 potentior
987 2832 1097 2889 virtus?
1140 2831 1178 2888 Et
1261 2829 1265 2834 ’

197 2914 311 2973 Simon:
332 2913 397 2990 lpse
416 2914 492 2971 misit
510 2924 673 2973 creatorem
692 2912 787 2985 deum,
814 2925 846 2973 nt
871 2914 1014 2973 conderet
1031 2914 1175 2986 mundum,

196 2996 248 3057 sed
267 2998 315 3056 ille
334 2996 437 3056 mundo
457 2997 574 3056 condito
592 3000 774 3077 semetipsum
784 3001 984 3077 pronunciavit
998 2999 1093 3057 deuna.
1139 3000 1178 3064 Et

195 3083 313 3141 Petrus:
336 3082 414 3160 Ergo
425 3102 481 3143 non
492 3084 642 3161 ignoratur
659 3084 695 3141 ab
715 3102 752 3141 eo
770 3085 817 3161 qui
836 3083 965 3141 condidit
982 3083 1125 3153 mundum,
1146 3095 1178 3141 ut

195 3170 325 3246 superins
344 3166 469 3239 dixeras,
490 3167 542 3226 sed
560 3187 653 3247 neque
671 3169 782 3232 animae
792 3170 927 3245 ignorant
940 3187 1016 3238 eun,
1035 3167 1176 3245 siquidem

195 3253 230 3311 ab
250 3254 313 3330 ipso
332 3252 474 3311 abductae
491 3264 568 3311 sunt.
612 3248 669 3311 'tui
687 3272 759 3329 ergo
777 3254 833 3310 iam
860 3252 917 3310 erit
942 3252 1124 3329 incognitus,
1151 3254 1176 3310 si

196 3347 226 3394 et
243 3335 339 3393 mundi
358 3334 475 3395 creator
493 3338 573 3394 novit
590 3355 666 3407 eum,
695 3345 727 3394 ut
752 3336 815 3393 ab
806 3356 870 3414 apso
888 3337 1003 3405 missus,
1020 3336 1176 3395 seeundum

196 3438 231 3477 ea
258 3438 330 3496 quae
356 3430 387 3477 tu
414 3419 500 3490 dicis,
527 3430 558 3477 et
579 3438 678 3478 omnes
704 3420 816 3478 animae
833 3431 965 3499 tanquam
984 3420 1100 3498 abipso
1120 3422 1176 3479 bue

192 3491 336 3561 nolenter
354 3503 534 3571 abstractae?
551 3503 620 3561 Tum
639 3502 744 3563 deinde
762 3504 842 3563 dicas
858 3506 962 3575 velim,
980 3506 1027 3582 qui
1045 3506 1178 3563 mittebat

195 3584 374 3645 conditorem
402 3587 507 3660 mundi,
529 3609 585 3647 non
604 3588 717 3647 sciebat
732 3609 797 3647 eum
815 3590 862 3666 qui
880 3588 1063 3659 mittebatur,
1089 3579 1197 3647 lidem-

193 3692 251 3729 non
270 3677 464 3730 seruaturum?
483 3674 505 3730 si
525 3672 675 3735 nesciebat
692 3674 840 3750 praescius
865 3691 923 3730 non
941 3683 1023 3742 erat,
1052 3673 1080 3730 si
1102 3690 1175 3730 tero

194 3758 333 3833 macsciit
351 3768 380 3814 et
398 3776 495 3834 passus
514 3768 571 3827 est,
598 3757 668 3813 lacti
693 3756 811 3813 buirus
802 3775 867 3833 ipsc
888 3774 956 3813 reos
972 3766 1030 3826 est,
1050 3756 1099 3832 qni
1116 3775 1175 3813 non

193 3842 303 3911 vetuit,
325 3840 399 3917 quod
419 3843 441 3897 si
461 3860 517 3898 non
535 3841 640 3917 potuit,
660 3841 839 3917 omnipotens
865 3860 922 3897 non
941 3850 1003 3897 est·
1043 3840 1075 3898 si
1102 3859 1174 3918 uero
