2634 4400
674 259 720 322 oo

593 350 809 368 ὓ-ι-ι--ι-ἑω

251 463 307 531 59ζ
354 465 498 530 Vicesima
526 463 616 546 prima
651 463 840 545 generatione
873 463 983 525 exstitit
1009 465 1055 526 vir'
1080 457 1196 546 quidam

210 559 339 638 sapiens,
370 573 406 614 ex
429 572 538 633 genere
563 572 662 612 eorum
682 555 729 632 qui
747 553 863 612 luerunt
880 553 1006 630 expulsi,
1027 555 1195 611 exsemine

208 641 393 722 primogeniti
413 641 532 698 liliorum
552 635 629 711 Noe,
650 637 765 696 nomino
783 636 939 708 Abrabam,
960 657 975 695 a
996 657 1050 715 quo
1065 649 1195 696 nostruin

209 725 405 786 Hebraeorum
426 720 539 783 ducitur
556 741 657 801 genus.
706 722 759 780 llic
770 741 832 780 cum
844 723 990 780 universus
999 723 1102 780 iterum
1113 741 1194 780 mun-

209 810 261 870 dus
280 810 400 870 diversis
418 803 564 868 erroribus
584 816 661 866 esset
689 823 852 886 oppressus,
882 818 913 865 et
938 827 992 886 pro
1014 807 1193 865 immanitate

209 897 349 956 scelerum
380 905 516 954 maturum
545 895 573 951 ei
600 898 751 971 pararetur
777 890 935 962 excidium,
974 911 1031 948 non
1057 892 1112 949 iam
1138 908 1196 970 per

208 1000 320 1061 aquam,
341 978 393 1038 sed
411 979 588 1058 perignem,
610 995 730 1055 eamque
747 978 802 1035 ianr
820 977 904 1054 plaga
931 971 1012 1033 initio
1026 996 1043 1034 a
1058 969 1194 1034 Sodomis

205 1077 300 1128 sumto
324 1065 486 1123 immineret
514 1072 544 1120 et
560 1063 694 1120 universo
714 1060 776 1119 orbi
795 1073 950 1132 terrarum,
974 1080 1028 1138 pro
1046 1060 1190 1130 amicitiis,

210 1149 309 1227 quibus
329 1159 391 1206 erat
410 1149 437 1207 ei
455 1147 631 1220 familiaritas
642 1163 704 1204 cum
720 1145 776 1204 deo
795 1147 840 1203 eui
858 1145 934 1203 bene
949 1145 1108 1223 placuerat,
1128 1142 1191 1202 uni-

207 1251 322 1293 versum
341 1225 471 1291 muudum
491 1249 526 1290 ue
550 1232 660 1310 pariter
686 1231 797 1308 periret
818 1226 933 1308 eripuit.
979 1228 1025 1288 Ab
1049 1226 1131 1289 initio
1149 1241 1192 1288 ta-

207 1337 272 1376 men
297 1317 403 1376 ceteris
432 1315 560 1374 omnibus
579 1316 751 1386 errantibus,
772 1317 832 1394 ipse
852 1333 914 1372 cum
929 1325 992 1372 arte
1007 1325 1085 1372 esset
1098 1325 1192 1372 nstro·

208 1403 304 1480 logos,
326 1421 363 1460 ex
380 1403 493 1461 ratione
512 1411 542 1458 et
560 1398 662 1459 ordine
681 1401 825 1458 stellarum
839 1417 1001 1476 agnoscere
1015 1400 1107 1477 potuit
1121 1418 1191 1456 conc

209 1481 348 1558 ditarem,
386 1487 504 1565 eiusque
530 1483 711 1564 providentia
735 1485 878 1543 intellexit
903 1495 1007 1542 coacta
1033 1482 1188 1542 moderari.

208 1569 290 1631 Unde
310 1584 340 1630 et
357 1573 476 1649 augelus
494 1569 635 1629 adsistens
654 1571 683 1626 ci
700 1588 753 1647 per
770 1571 921 1641 visionem,
942 1569 1053 1647 plenius
1072 1587 1135 1626 eum
1154 1568 1190 1626 de

207 1656 343 1735 hisquae
362 1657 470 1714 sentire
490 1655 598 1732 coepit,
619 1652 747 1712 edocuit.
795 1652 855 1711 Sed
874 1653 989 1732 etquid
1008 1654 1110 1731 generi
1129 1654 1191 1712 eius

207 1751 242 1798 ae
269 1741 431 1818 posteritati
454 1737 622 1808 deberetur,
652 1737 789 1809 ostendit,
819 1749 849 1796 et
870 1759 927 1796 uon
954 1749 1010 1797 tam
1030 1739 1072 1796 eis
1099 1735 1191 1795 danda

209 1824 281 1884 haec
304 1825 381 1896 loca,
402 1843 482 1902 quam
501 1820 649 1881 reddenda
667 1823 807 1900 promisit.
877 1838 881 1846 ’
917 1809 922 1826 ’

250 1909 318 1967 55.Ι
354 1909 445 1986 lgitur
466 1905 611 1966 Abrabam
648 1927 710 1966 cum
746 1927 841 1977 rerum
869 1924 983 1966 caussas
1010 1902 1190 1967 desideraret

208 2012 382 2071 agnoscere,
411 1991 497 2071 idque
525 2011 621 2050 secum
649 1991 757 2050 intenta
776 2003 872 2050 mente
891 1993 1084 2070 pervolveret,
1104 2011 1190 2071 appa·

207 2079 266 2136 ruit
284 2079 311 2136 ei
329 2096 413 2137 verus
432 2077 586 2156 Propheta,
608 2077 655 2155 qui
674 2079 751 2135 solus
769 2078 911 2135 bominum
931 2077 1019 2135 corda
1038 2087 1068 2135 et
1085 2093 1190 2156 propo·

207 2163 290 2222 situm
309 2164 398 2236 novit,
420 2173 450 2223 et
468 2162 561 2221 omnia
580 2162 607 2221 ei
626 2180 699 2241 quae
717 2161 900 2221 desiderabat
917 2163 1039 2240 aperuit,
1060 2160 1191 2221 diviuita-

206 2250 245 2308 tis
263 2250 410 2307 scientiam
431 2248 539 2320 docuit,
560 2246 655 2306 mundi
680 2249 820 2325 originem
840 2248 980 2325 finemque
991 2249 1100 2325 pariter
1117 2245 1191 2305 indi·

209 2335 294 2407 cavit,
307 2336 417 2393 animae
432 2334 671 2393 immortalitatem
687 2351 721 2392 ae
745 2330 858 2392 vivendi
871 2334 1000 2391 instituta
1019 2332 1118 2411 quibus
1134 2331 1189 2390 deo

207 2419 382 2497 placeretur,
404 2418 541 2491 ostendit,
562 2429 780 2478 resurrecturos
799 2435 911 2497 quoque
930 2428 1074 2488 mortuos,
1094 2436 1128 2474 ac
1147 2418 1191 2475 iu·

171 2526 173 2583 j
208 2502 313 2563 dicium
340 2506 478 2574 laturum,
508 2503 646 2561 bonorum
674 2503 945 2573 remunerationem,
966 2500 1101 2560 malorum
1119 2518 1190 2581 pue·

172 2607 176 2634 t
206 2605 270 2659 uas,
290 2588 365 2645 iusto
384 2598 487 2645 cuncta
505 2582 680 2644 moderando
694 2586 802 2644 iudicio
817 2586 984 2659 declaravit,
1005 2587 1189 2665 omnibusque

156 2646 175 2719 ‘l
207 2673 264 2730 rite
282 2689 316 2731 ac
336 2670 515 2730 sufficienter
542 2669 654 2729 edoctis
677 2669 713 2729 ad
731 2669 818 2729 sedes
845 2690 943 2728 marsus
968 2670 1124 2730 invisibiles
1143 2667 1198 2730 se·¹

208 2759 307 2815 cessit.
353 2757 460 2815 Veram
480 2775 542 2814 eum
561 2752 651 2813 adbuc
670 2754 813 2814 Abrabam
832 2757 859 2813 iu
878 2755 1043 2834 ignorantia
1057 2775 1189 2817 versare-

124 2876 125 2881 *
205 2850 264 2913 tur,
290 2840 433 2899 sicuttibi
452 2851 583 2899 etautea
601 2842 655 2898 iam
676 2840 808 2912 diximus,
837 2842 896 2898 nati
914 2852 981 2899 sunt
1001 2835 1030 2900 ¹ei
1050 2843 1099 2900 lilii
1118 2841 1186 2910 duo,

208 2944 327 3002 quorum
354 2924 567 2996 unuslsmael,
597 2925 668 2983 alius
694 2923 844 2984 Ellesdros
871 2926 1005 3006 appellati
1023 2939 1098 2986 sunt.
1145 2916 1189 2985 Εἰ(

206 3009 264 3065 alio
282 3007 420 3067 barbarae
440 3019 554 3087 gentes,
585 3029 621 3068 ex
639 3008 695 3068 alio
715 3009 864 3069 Persarum
883 3012 978 3090 populi
997 3010 1186 3070 descendunt.

207 3090 352 3171 liquibus
371 3092 496 3152 nonnulli
516 3091 756 3153 Brachmanorum
778 3096 864 3154 vitatu
888 3108 918 3155 et
943 3097 1039 3155 vieiua
1061 3098 1189 3155 instituta

206 3179 311 3235 sectati
338 3188 413 3250 suut,
443 3179 490 3237 alli
517 3178 591 3257 apud
616 3178 751 3250 Arabiam
780 3180 984 3251 consederunt,
1014 3200 1052 3239 ex
1071 3174 1188 3258 quorum

205 3262 331 3340 posteris
359 3263 484 3321 nonnulli
513 3266 597 3323 etiam
625 3267 653 3323 in
673 3260 835 3344 Aegyptum
855 3264 976 3343 dispersi
995 3276 1070 3321 sunt.
1118 3262 1188 3319 lude

207 3345 330 3425 denique
350 3359 380 3407 et
397 3347 531 3407 ludorum
550 3349 660 3427 quidam
681 3361 711 3409 et
727 3349 937 3429 Aegyptiorum
961 3345 1127 3405 eircumcidi
1145 3345 1188 3404 di-

206 3428 306 3491 dicere
320 3452 354 3492 ac
364 3434 487 3513 purioris
506 3434 706 3494 observantiae
725 3453 791 3495 esse
810 3454 890 3512 quam
910 3432 1014 3502 ceteri,
1034 3432 1103 3490 licet
1120 3449 1188 3509 pro-

207 3532 290 3576 cessu
309 3520 446 3599 temporis
473 3538 554 3597 quam
573 3520 684 3597 plurimi
703 3538 801 3578 eorum
827 3516 864 3577 ad
890 3518 1064 3595 impietatem
1091 3526 1204 3573 vertar

206 3613 272 3660 rent
289 3615 485 3681 argumentum
504 3614 534 3663 et
551 3603 685 3663 indicium
705 3604 854 3663 castitatis.
1136 3608 1140 3610 ’

248 3686 303 3746 54.
350 3689 545 3748 Veruntamen
565 3707 627 3747 cum
646 3689 699 3746 bos
726 3687 797 3746 dnos
816 3686 889 3743 lilios
904 3696 1045 3764 tempore,
1067 3704 1122 3762 quo
1136 3681 1187 3741 ad·
1284 3752 1289 3758 ,

206 3770 261 3829 buc
280 3774 308 3830 in
327 3774 490 3850 ignorantia
509 3788 603 3830 rerum
622 3773 745 3842 vixerat,
765 3771 951 3848 suscepisset,
973 3768 1019 3827 dei
1038 3771 1186 3847 agnitione
1316 3762 1317 3769 ¹

206 3862 343 3935 percepta
361 3859 433 3936 petit
451 3857 485 3917 ab
504 3875 553 3928 eo,
575 3856 639 3934 quia
658 3867 721 3937 erat
738 3857 843 3925 iustus,
864 3866 895 3913 ut
914 3875 949 3915 ex
968 3854 1039 3915 Sara
1067 3874 1140 3934 quae
1158 3854 1187 3912 ei
