2634 4400
578 259 647 327 aaa

123 478 177 539 luit
195 468 271 535 aliud
289 468 462 544 decernere,
481 472 536 530 nisi
556 482 586 531 ot
603 472 683 542 vitia,
703 473 758 530 uisi
776 480 807 531 nt
834 472 965 543 crimina,
995 472 1049 531 nisi
1077 481 1109 531 ut

123 562 233 641 llagitia
251 558 435 629 colerentur?
454 554 546 616 Pudet
562 558 737 636 miseretque
756 577 801 617 me
818 558 923 629 vestri,
944 558 968 616 si
988 557 1106 617 creditis

124 647 199 729 quod
217 644 334 725 indigna
352 646 424 703 baec
443 654 556 716 essent,
578 654 607 702 et
625 643 711 722 impia
728 655 814 721 atque
842 641 1033 703 exsecrabilia
1059 654 1108 702 aot

123 755 181 809 non
200 730 429 811 deprehendistis
447 730 600 799 hactenus,
622 740 671 787 aut
697 727 876 807 deprehensa
903 740 933 789 et
959 728 1107 787 intellecta
1141 790 1144 794 ,

123 820 196 877 mala
213 838 266 898 pro
286 817 367 875 bouis
387 826 417 889 ct
435 815 547 893 optimis
567 815 707 872 coluistis.
1115 813 1117 817 '

165 902 221 962 51.
267 902 336 960 Tum
354 910 507 980 praeterea
525 910 555 958 et
573 898 640 957 illud
661 900 744 977 quale
762 910 817 971 cst,
830 897 913 978 ‘qood
927 919 1108 979 praesumse-

124 999 190 1049 runt
212 988 339 1045 nonnulli
365 986 598 1069 pbilosophorum
628 983 729 1044 uelde
758 984 813 1043 deo
840 986 931 1063 loqui,
953 1005 1023 1051 xcuru
1051 987 1108 1043 sint

124 1073 277 1143 mortales,
299 1083 328 1131 et
345 1072 482 1149 opinione
501 1071 563 1128 sola
591 1063 626 1129 dh
654 1070 842 1129 invisibilibus
870 1070 969 1129 dicere
996 1070 1043 1129 vcl
1070 1068 1107 1129 de

124 1156 219 1218 mundi
239 1158 362 1234 origiue,
384 1155 431 1214 uhi
450 1176 506 1214 non
525 1154 645 1214 aderant
664 1174 727 1213 cum
746 1156 842 1228 lieret,
862 1156 907 1215 vel
928 1154 963 1215 de
978 1156 1034 1215 line
1046 1156 1107 1215 eius

123 1244 169 1303 vel
189 1242 224 1301 dc
243 1244 396 1301 animarum
415 1241 443 1298 in
463 1242 583 1299 infernis
602 1238 816 1318 dispensatione
835 1252 865 1299 et
888 1239 1012 1314 iudicio,
1042 1260 1108 1300 nes·

126 1330 236 1387 cientes
255 1328 320 1405 qnia
339 1327 501 1404 praeseutia
529 1324 641 1403 quidem
670 1336 700 1382 et
724 1326 848 1383 visibilia
874 1346 959 1384 nosse
986 1326 1107 1385 bominis

125 1424 169 1473 est
187 1411 375 1481 rationabilis,
396 1412 554 1490 praeterita
572 1430 641 1469 vero
662 1421 691 1467 ct
709 1411 802 1469 lotura
817 1410 1105 1482 etiurisibiliascire,

125 1499 214 1557 solius
232 1497 419 1575 propheticae
439 1497 651 1574 praescientiae
671 1507 726 1554 cst.
773 1494 840 1553 Non
860 1513 931 1573 ergo
955 1495 1107 1554 haeccon-

125 1583 244 1643 iecturis
263 1593 292 1641 et
311 1582 490 1661 opinionibus
510 1579 674 1658 colligenda
692 1590 767 1651 sunt,
788 1581 816 1637 in
836 1579 935 1658 quibus
953 1579 1035 1639 valde
1054 1581 1107 1639 lal-

124 1670 221 1727 luntur
237 1668 378 1737 homines,
399 1666 450 1725 sed
470 1665 526 1725 lide
545 1667 734 1745 propheticae
751 1666 894 1736 veritatis,
915 1665 989 1723 sicut
1007 1685 1038 1724 se
1057 1667 1107 1724 ha-

125 1753 175 1812 bet
193 1753 266 1811 haec
284 1762 384 1811 nostra
402 1750 545 1809 doctrina.
592 1749 654 1809 Nos
674 1752 749 1809 eninr
767 1751 835 1808 nibil
855 1768 892 1808 ex
910 1749 992 1808 nobis
1015 1751 1107 1829 loqui-

125 1858 198 1908 mur,
219 1856 273 1895 nec
293 1838 413 1895 humana
431 1836 631 1893 aestimatione
651 1835 775 1893 collecta
802 1834 1022 1907 adnunciamus,
1051 1836 1106 1895 hoc

126 1925 200 1983 cuim
219 1920 358 1999 decipere
378 1930 422 1983 est
440 1918 605 1991 auditorcs3
636 1919 688 1978 sed
714 1921 775 1979 veri
795 1920 952 1999 prophetae
980 1923 1107 1980 auctori-

127 2019 184 2069 tate
203 2006 285 2065 nobis
305 2005 407 2064 tradita
436 2015 465 2063 et
493 2006 673 2064 manifestata
699 2004 909 2083 praedicamus.
955 2004 999 2066 lle
1027 2009 1107 2066 cuins

125 2092 317 2172 praescientia
336 2102 366 2151 et
383 2092 488 2149 virtute
507 2090 687 2168 prophetica,
709 2092 732 2149 si
752 2093 824 2171 quis,
845 2091 957 2161 utdixi,
978 2091 1108 2170 adliqui-

126 2177 189 2237 duru
208 2176 267 2237 vult
284 2176 454 2237 documenta
473 2176 630 2254 suscipere,
652 2176 791 2237 sollicitus
813 2177 979 2248 conveniat,
1001 2186 1031 2236 et
1056 2177 1108 2235 im-

125 2265 209 2344 piger
228 2265 264 2319 sit
282 2262 319 2320 ad
337 2260 516 2332 audiendum,
539 2272 568 2319 et
587 2259 735 2319 evidentes
753 2261 881 2320 dabimus
908 2261 1105 2339 probationes,

127 2347 226 2427 quibus
253 2347 307 2404 vim
334 2347 521 2426 propheticae
554 2347 766 2425 praescientiae
793 2367 851 2404 non
877 2347 966 2406 solnm
993 2347 1108 2406 auribus

127 2430 238 2503 audire,
259 2430 311 2490 sed
330 2443 359 2490 et
378 2433 468 2490 oculis
488 2431 573 2490 etiam
591 2429 692 2492 videre
710 2451 744 2490 ac
764 2450 844 2490 mann
873 2441 1057 2491 contrectare
1074 2451 1107 2491 sc

127 2515 236 2576 credat.
285 2516 327 2575 lle
347 2535 401 2595 quo
421 2531 489 2575 curn*
504 2528 611 2575 certam
631 2516 716 2576 iidem
735 2519 920 2596 conceperit,
941 2518 1037 2594 iugum
1063 2519 1107 2577 iu·

126 2603 221 2662 stitiae
240 2612 270 2660 et
286 2603 402 2680 pietatis
421 2601 527 2680 absque
555 2602 611 2660 ullo
639 2602 739 2661 labore
766 2602 913 2680 suscipiet,
942 2613 1107 2681 tantamque

126 2689 155 2745 in
174 2707 209 2746 eo
229 2689 335 2746 sentiet
352 2688 532 2758 suavitatem,
552 2698 584 2745 ut
601 2706 657 2746 oon
677 2688 766 2747 solum
784 2687 852 2746 nihil
880 2688 907 2746 ei
935 2687 1041 2746 laboris
1064 2690 1107 2746 in-

127 2791 191 2830 esse
210 2784 369 2844 caussetur,
390 2793 487 2832 rerum
507 2772 672 2851 etamplius
691 2772 797 2851 aliquid
818 2771 884 2830 addi
911 2771 964 2831 sibi
982 2773 1107 2844 udeside⁴

125 2867 172 2915 ret
190 2869 220 2915 et
237 2860 354 2938 imponi.

168 2940 226 3002 52.
274 2943 399 3020 Cumque
418 2945 489 3002 haec
509 2953 538 3000 et
556 2943 611 3000 alia
630 2944 673 3001 his
692 2943 793 3001 similia
821 2941 950 3016 dixisset,
980 2956 1010 3003 et
1035 2964 1107 3003 non-

127 3028 218 3086 nullos
238 3045 274 3085 ex
292 3028 335 3085 his
354 3029 400 3104 qui
419 3026 539 3086 aderaut
558 3026 684 3085 infirmos
712 3037 741 3086 et
768 3025 952 3086 daemonibus
972 3027 1107 3088 obsessos

127 3123 268 3182 curasset,
289 3112 465 3189 gratulantes
486 3122 515 3170 et
534 3109 616 3172 deoru
641 3110 835 3170 collaudantes
862 3113 959 3172 turbas
987 3111 1102 3187 dimisit,

63 3196 65 3199 ’
126 3197 308 3277 praecipiens
327 3197 369 3256 eis
387 3207 417 3254 ut
436 3196 472 3255 ad
486 3195 611 3260 ¹eundem
630 3197 723 3256 locum
751 3198 835 3256 etiarn
864 3199 1105 3278 consequentibus

127 3281 226 3340 diebus
246 3279 378 3340 audiendi
397 3284 491 3360 gratia
510 3284 707 3341 convenirent.
756 3281 881 3362 Cumque
901 3282 976 3342 domi
994 3285 1049 3342 iam
1063 3285 1107 3342 iu·

127 3378 173 3424 ter
190 3385 242 3424 nos
262 3385 387 3424 essemus
406 3387 439 3430 ac
457 3387 694 3447 praepararemus
712 3366 750 3426 ad
777 3367 929 3440 edendum,
958 3370 1106 3447 ingressus

128 3449 238 3529 quidam
266 3453 382 3510 nunciat
407 3451 567 3532 Appionem
596 3452 832 3512 Plistonicensem
864 3472 927 3512 eum
954 3453 1105 3514 Anubione

126 3554 218 3613 nuper
234 3537 349 3594 venisse
368 3538 402 3596 ab
421 3537 586 3610 Antiochia,
608 3549 637 3596 et
655 3539 793 3617 hospitari
812 3559 874 3598 eum
887 3539 1016 3599 Simone.
1036 3541 1106 3599 'l'um

126 3631 209 3700 pater
227 3620 478 3706 audienslgavisus
496 3633 552 3695 est,
574 3633 603 3682 et
620 3625 660 3681 ait
678 3623 781 3683 Petro:
811 3623 842 3682 Si
860 3627 1011 3703 permittis,
1040 3625 1105 3683 uolo

126 3705 170 3765 ire
190 3717 219 3765 et
237 3707 360 3766 salutare
378 3709 538 3786 Appionem
558 3719 588 3766 et
609 3707 805 3781 Anubiouem,
836 3711 901 3788 quia
928 3707 1009 3774 valde
1036 3711 1106 3768 ami·

127 3793 153 3848 ci
177 3790 244 3849 mihi
266 3804 355 3865 sont3
402 3793 533 3852 fortassis
561 3804 654 3852 autem
681 3792 863 3852 Anubionem
881 3795 965 3852 ctiam
984 3791 1105 3853 suadere

126 3887 229 3956 potero
257 3875 401 3956 ‹hsputare
429 3899 492 3938 cum
520 3877 669 3940 Clemente
696 3877 732 3937 de
760 3879 872 3957 genesi.
921 3877 960 3939 Et
985 3878 1103 3940 Petraea
