2634 4400
576 322 643 389 201
702 360 706 365 .

479 420 483 429 ¹
504 420 719 435 *ἡ*

121 542 244 591 mentem
262 520 341 591 stiam
360 531 434 590 omni
454 530 581 611 nequitia
600 547 715 591 vacuam
735 532 883 604 effecerit,
909 542 995 613 atque
1021 534 1104 613 agni-

121 616 207 674 tionis
234 617 298 679 eius
323 614 495 678 desiderium
522 636 623 695 purum
650 628 681 676 et
707 614 792 677 fidele
818 619 1000 696 conceperit.
1048 618 1103 679 Ubi

121 703 195 761 enim
214 702 301 761 talem
320 720 352 761 se
371 703 432 779 quis
450 703 678 781 praeparaverit,
698 704 759 781 ipse
777 714 809 761 nt
825 703 981 783 propbeta,
1001 702 1102 778 videns

121 796 318 866 praeparatam
336 795 458 846 mentem
477 797 580 866 sponte
599 806 631 846 se
649 786 767 847 adhibet
784 786 822 847 ad
839 786 1064 866 agnoscendam.

162 920 220 981 60.
267 921 298 983 Si
318 924 379 1001 quis
397 924 486 1003 igitur
503 924 563 981 vult
581 924 675 981 onmia
694 922 824 995 discere,
845 944 902 983 non
920 943 973 1005 per
990 925 1103 1003 singula

121 1006 294 1080 discutiens;
315 1027 407 1086 neque
427 1008 499 1067 enim
519 1009 637 1088 poterit,
659 1029 722 1067 cum
741 1012 778 1068 sit
795 1010 934 1081 mortalis,
956 1008 1002 1067 dei
1021 1011 1102 1069 inve·

121 1095 229 1171 stigare
249 1094 397 1151 eonsilium
417 1104 446 1152 et
468 1093 556 1171 ipsam
583 1094 800 1154 immensitatem
827 1096 1020 1173 perscrutari:
1050 1095 1103 1153 sed

120 1178 143 1237 si
163 1178 288 1249 discere,
309 1190 340 1236 ut
358 1176 490 1249 diximus,
511 1180 603 1237 omnia
623 1178 784 1251 desiderat,
809 1198 906 1239 verum
934 1179 1102 1259 prophetam

121 1264 259 1343 requirat.
307 1264 395 1337 Quem
415 1283 477 1322 eum
496 1264 651 1335 invenerit,
672 1286 726 1324 non
739 1265 953 1344 quaestionibus
967 1263 1103 1344 ctdispu-

120 1348 277 1409 talionibus
305 1368 398 1428 neque
423 1350 599 1427 argumentis
619 1369 681 1407 eum
701 1369 737 1407 eo
756 1361 834 1427 agat,
855 1348 906 1408 sed
926 1348 1034 1428 siquid
1055 1369 1103 1409 re·
1134 1387 1137 1394 ·

120 1432 281 1515 sponderit,
302 1434 325 1491 si
345 1432 411 1513 quid
429 1434 673 1513 pronunciaverit,
694 1435 749 1493 boe
769 1446 878 1513 certum
890 1453 955 1495 esse
974 1454 1031 1491 non
1049 1454 1103 1513 po-

120 1530 177 1578 test
197 1518 330 1579 dubitari.
378 1519 414 1577 Et
432 1517 498 1578 ideo
519 1530 673 1598 quaeratur
689 1539 774 1579 verns
793 1519 935 1598 propheta
953 1530 1018 1577 ante
1042 1538 1103 1577 om·

120 1606 178 1676 nio,
201 1615 230 1663 et
249 1605 309 1663 eius
327 1602 415 1663 verba
433 1614 599 1677 tencantur3
630 1606 657 1662 in
686 1606 786 1686 quibus
813 1602 881 1663 illud
909 1603 1102 1663 tantammodo

121 1688 326 1748 discutiendum
346 1690 497 1769 unicuique
517 1700 572 1761 est,
594 1700 623 1748 ut
641 1690 801 1749 satisfaciat
817 1690 871 1748 sibi
898 1691 923 1749 si
947 1707 1016 1747 vere
1035 1708 1102 1766 pro-

120 1775 236 1855 phetica
255 1776 317 1833 eius
335 1774 424 1834 verba
442 1785 517 1845 sunt,
538 1774 565 1833 id
586 1786 644 1845 est,
666 1777 689 1833 si
708 1774 892 1833 indubitatam
920 1774 1004 1833 fidem
1032 1793 1103 1832 con-

120 1861 212 1919 tinent
231 1859 399 1930 futurorum,
421 1861 445 1917 si
464 1871 594 1939 tempora
613 1859 730 1919 delinita
749 1861 934 1937 consignant,
958 1854 988 1918 'si
1006 1878 1102 1917 rerum

120 1944 250 2003 ordinem
266 1956 395 2017 servant,
416 1946 439 2003 si
459 1947 784 2025 nonquaeprimasunt‚
805 1946 968 2016 novissima,
990 1955 1101 2024 atquae

69 2038 73 2044 “
119 2028 148 2088 in
168 2030 328 2089 novissimis
347 2040 431 2109 geste
449 2042 524 2102 suut,
546 2032 635 2109 prima
647 2043 809 2104 narrarunt,
830 2032 853 2091 si
865 2031 1100 2103 nihilversutum,

120 2116 188 2173 nihil
208 2116 319 2192 magica
346 2127 408 2174 arte
434 2115 471 2175 ad
498 2114 697 2195 decipiendum
725 2118 911 2195 compositum
939 2116 1100 2187 continent,

88 2263 98 2278 ,
120 2213 170 2262 aut
188 2202 211 2260 si
230 2222 286 2260 non
306 2221 377 2280 quae
396 2203 459 2260 aliis
478 2203 604 2260 revelata
624 2212 698 2273 sunt,
728 2201 764 2262 ad
790 2222 822 2261 se
850 2201 1027 2260 transtulerit
1051 2196 1103 2258 ad-

119 2288 215 2345 mixtis
233 2286 401 2348 mendaciis.
448 2286 564 2345 Etcum
593 2284 636 2344 his
659 2286 787 2345 omnibus
814 2296 896 2345 recto
919 2285 1025 2343 iudicio
1044 2283 1103 2343 dis·

120 2372 228 2443 cussis,
259 2371 346 2431 verba
366 2373 528 2431 constiterit
546 2389 610 2430 csse
629 2373 812 2450 prophetica,
833 2373 873 2429 ita
891 2368 1001 2430 demum
1021 2368 1102 2429 credi

120 2455 163 2518 eis
181 2455 219 2522 de
238 2457 366 2516 omnibus
385 2457 484 2536 quibus
504 2455 629 2515 dixerint
648 2467 678 2515 et
695 2455 908 2537 responderint,
929 2454 1027 2515 debet.

162 2574 219 2636 61.
260 2576 378 2636 Etenim
397 2575 611 2636 consideremus
631 2575 796 2656 diligentius
814 2596 885 2656 opus
903 2574 1016 2635 divinae
1034 2578 1104 2653 prol

119 2660 275 2723 videmiae.
314 2661 386 2721 Nam
407 2660 1101 2742 qnodphilosophiintroduxerantverbasubtilia

120 2747 259 2828 quaedam
270 2759 300 2807 et
310 2747 448 2820 diflicilia,
466 2748 503 2806 ita
514 2759 544 2807 ut
553 2768 589 2808 ne
600 2749 659 2828 ipsa
670 2747 782 2827 quidem
792 2747 931 2807 vocabola
940 2766 1101 2806 sermonum

119 2845 262 2893 notaessc
274 2834 531 2913 omnibusposseut
550 2845 579 2894 et
597 2833 801 2912 intelligibilia,
822 2833 892 2892 dens
911 2833 1028 2911 eosqui
1047 2832 1102 2891 sibi

120 2917 249 2978 artifices
275 2919 427 2979 verborum
454 2918 640 2991 videbantur,
670 2939 724 2997 per
750 2920 844 2978 omnia
862 2919 1009 2997 imperitos
1031 2936 1103 2996 erga

118 3003 296 3081 agnitionem
314 3003 445 3060 veritatis
464 3002 599 3060 ostendit.
648 3002 776 3080 Simplex
794 3005 868 3060 enim
887 3013 931 3061 est
956 3013 988 3061 et
1012 3003 1102 3061 mani·

118 3090 195 3148 l'esta
214 3105 249 3144 ac
267 3084 362 3144 brevis
388 3103 483 3144 rerum
510 3087 646 3156 scientia,
677 3105 749 3164 quae
775 3104 829 3164 per
854 3105 951 3145 verum
978 3086 1102 3164 proplie-

118 3185 177 3232 tam
196 3167 329 3242 cratian,
350 3189 431 3250 quam
450 3171 496 3229 isti
523 3189 576 3250 per
602 3170 686 3230 devio
712 3170 882 3229 incedentes
909 3181 939 3229 et
964 3188 1102 3247 scrupeas

118 3257 272 3318 verborum
291 3253 485 3327 difficultates,
507 3267 567 3314 tota
584 3255 789 3334 ignoraverunt
807 3255 863 3314 via.
910 3254 1002 3334 igitur
1017 3272 1103 3313 vere·

122 3342 222 3402 condis
241 3351 271 3401 et
289 3341 464 3421 simplicibus
479 3341 631 3413 montibus,
652 3361 715 3400 eum
725 3338 923 3400 viderintlieri
934 3359 1007 3421 quae
1017 3359 1102 3420 prae·

121 3427 282 3500 dictasunt,
295 3427 363 3488 satis
372 3423 712 3510 abundeque·suilieit,]nt
721 3424 757 3486 de
767 3426 926 3485 certissima
936 3427 1103 3507 praescien-

121 3513 517 3581 tiaeertissimamscientiam
538 3515 663 3592 capiant,
684 3523 715 3572 et
732 3511 768 3571 de
787 3522 910 3570 caetero
919 3512 1104 3591 requiescant

123 3597 248 3658 evidenti
259 3597 698 3676 agnitionoveritatisadsnmta3
720 3609 838 3657 caetera
857 3598 951 3656 omnia
969 3596 1104 3655 aestima·

121 3685 200 3742 tione
210 3694 381 3756 tractantur,
398 3686 426 3762 l¹¹
437 3683 537 3762 quibus
548 3683 655 3742 firmum
666 3682 734 3741 nibil
746 3701 812 3742 esse
820 3693 927 3762 potest.
948 3681 1017 3754 Quis
1027 3682 1102 3740 enim

87 3827 90 3838 ,
121 3787 216 3828 sermo
236 3779 290 3839 est,
311 3771 358 3848 qui
377 3789 433 3828 non
453 3769 575 3850 recipiat
592 3766 870 3827 contradictionem?
889 3777 919 3826 et
933 3782 1103 3845 quaeargu·

121 3853 259 3934 mentatio
270 3862 325 3926 est,
339 3874 410 3934 quae
419 3874 475 3912 non
485 3855 577 3934 possit
586 3853 642 3914 alia
651 3853 898 3932 argumentatione
908 3850 1052 3913 subvertit
1065 3849 1103 3910 Et

120 3937 188 3998 inde
199 3949 243 3998 est
253 3937 328 4018 qnod
338 3937 374 3998 ad
383 3939 487 3998 unllam
498 3939 582 3998 linem
592 3939 733 3999 scientiae
744 3949 774 3998 et
780 3937 936 4016 agnitionis
945 3956 999 4017 per
1006 3935 1104 3997 tutus·
