2634 4400
578 302 644 382 sps

118 511 163 569 his
182 526 255 589 quae
275 527 293 567 a
311 519 340 567 te
358 518 579 589 prosequentur,
601 522 763 569 occurram.
792 505 851 569 dut
867 511 893 569 si
911 528 956 569 me
974 512 1105 592 visprio

118 614 180 655 rem
200 592 312 666 dieere,
333 614 390 652 non
409 593 554 654 morabor.

162 679 195 739 7.
242 678 279 737 Et
298 678 396 739 Senex
413 678 578 758 respondit:
600 677 670 739 Sive
687 679 739 739 tibi
757 680 864 759 piacet,
893 679 944 750 fiii,
964 681 1044 760 prius
1062 680 1105 740 di—

117 782 202 835 eere,
231 765 293 823 sive
320 764 374 823 hoe
402 766 493 843 rengis
512 766 607 844 placet
625 774 656 823 ut
674 784 731 843 ego
751 763 854 836 diram,
883 765 952 824 uiirii
970 767 1103 837 interest,

119 848 194 928 apud
214 868 266 907 eos
284 850 452 928 praecipue,
473 852 521 927 qui
539 848 614 909 boue
632 851 715 909 venie
735 849 889 929 disputant.
936 850 990 909 Die
1008 861 1105 911 tamen

51 996 58 1005 ‚
118 946 149 993 tu
168 936 260 1013 prior,
282 934 407 993 libenter
427 936 552 1013 accipio,
574 946 660 1015 atque
678 936 785 995 utinam
803 936 897 1015 possis
916 937 1002 997 otiam
1028 954 1105 1015 quae

117 1041 134 1077 a
153 1038 199 1077 me
219 1018 341 1077 dicenda
359 1030 424 1079 sunt
441 1020 588 1099 prosequi,
610 1030 695 1102 atque
713 1020 757 1081 his
776 1040 849 1102 quae
867 1021 1014 1079 contraria
1039 1033 1106 1084 suut

118 1105 264 1175 obiicere,
284 1115 315 1164 et
333 1124 370 1163 ex
388 1115 575 1185 utrorumque·
591 1105 747 1166 collatione
766 1105 922 1166 ostendere
939 1107 1102 1167 veritatem.

117 1190 226 1248 Nieete
243 1189 406 1267 respondit:
436 1188 468 1249 Si
487 1192 550 1263 vis,-
566 1192 666 1271 iuquit,
687 1210 803 1270 possum
820 1194 906 1251 etiam
924 1203 988 1251 toas
1006 1203 1104 1271 partes

118 1274 236 1346 dicere,
258 1274 341 1332 etad
359 1276 431 1333 haee
450 1274 640 1355 responderet
686 1276 724 1335 lit
743 1276 857 1337 Senex:
891 1277 1018 1338 Ostende
1036 1279 1104 1337 mihi

117 1362 209 1440 prius,
231 1358 373 1438 quomodo
391 1370 474 1443 potes
493 1361 568 1419 seire
586 1378 623 1421 ea
642 1380 714 1440 quae
732 1360 855 1421 nondum
879 1363 1011 1440 loquutus
1029 1384 1101 1434 sum,

118 1456 149 1505 et
167 1446 208 1503 ite
226 1444 278 1502 tibi
297 1444 424 1517 oredam,
444 1444 520 1525 quod
540 1456 639 1527 partes
665 1465 744 1507 meas
762 1449 898 1526 prosequi
915 1449 1021 1526 possis.
1066 1448 1105 1507 Et

116 1530 242 1590 Niceta:
263 1528 366 1603 Seote,
384 1531 485 1609 inquit,
505 1541 554 1589 tua
573 1542 604 1589 et
621 1533 766 1591 sententia
784 1549 865 1611 quarn
884 1531 1025 1605 definisti,
1045 1552 1105 1593 ma-

117 1616 226 1675 nifesta
243 1625 288 1673 est
305 1615 348 1675 his
368 1616 416 1693 qui
434 1613 538 1675 eruditi
557 1626 622 1675 suut
639 1618 668 1677 in
678 1616 839 1677 huiusmodi
849 1618 1017 1697 disoipiiuis,
1038 1636 1104 1677 eer-

118 1712 205 1780 taque
224 1711 269 1759 est
287 1702 349 1759 eius
369 1702 587 1779 consequentia.
634 1701 757 1781 thuia
775 1722 909 1781 egenen
934 1714 994 1762 sum
1021 1704 1105 1782 ignu-

116 1806 168 1845 rus
187 1804 260 1865 quae
279 1786 336 1845 sint
353 1784 536 1845 definitiones
554 1785 799 1865 philosophorum,
827 1806 867 1847 ex
882 1788 927 1847 his
944 1805 1019 1867 quae
1037 1808 1105 1869 pro-

116 1871 260 1953 posuisti,
293 1869 361 1949 quid
388 1884 582 1951 consequatur
607 1891 757 1950 agnosco,
796 1875 918 1932 maxime
944 1876 1009 1953 quia
1033 1892 1104 1954 prae
1155 1920 1159 1925 .
1232 1926 1242 1933 .

117 1957 250 2015 caeteris
270 1954 451 2035 pbilosophis
477 1954 595 2037 Epicuri
622 1958 737 2017 sedulas
764 1958 956 2039 frequentavi.
1002 1960 1105 2019 Frater

116 2054 214 2102 antem
232 2060 312 2100 meus
329 2039 446 2121 Aquita,
476 2043 566 2120 magis
584 2038 761 2123 Pyrrhonios
786 2056 923 2124 sequutus
941 2056 1002 2118 est,
1025 2046 1104 2105 -aiies

117 2138 213 2187 autem
233 2128 324 2185 irater
341 2137 442 2186 noster
460 2126 625 2187 Platonicos
644 2140 675 2188 et
690 2127 913 2203 Aristotelicum
933 2131 1029 2210 itaque
1039 2150 1103 2189 eum

118 2213 240 2273 eruditis
258 2213 310 2272 tihi
330 2212 506 2272 auditoribus
524 2231 619 2275 sermo
639 2225 695 2274 est.
740 2215 810 2274 Tum
820 2230 927 2274 senex:
948 2215 1039 2286 Beue,
1059 2217 1104 2274 in-

120 2301 194 2378 quit,
216 2309 246 2357 et
265 2309 478 2376 cousequenter
496 2296 636 2370 docuisti,
666 2297 809 2378 quomodo
828 2318 866 2358 ex
883 2299 927 2358 iris
945 2319 1018 2378 quae
1036 2319 1104 2379 pro·

116 2385 231 2464 positae
250 2393 316 2442 sunt
334 2382 559 2454 definitionibus,
581 2384 666 2442 etiam
686 2403 721 2442 ea
739 2403 813 2464 quae
831 2395 1044 2462 consequuntur
1053 2383 1104 2442 ad·

115 2481 262 2530 verteres.
309 2467 369 2530 Sed
388 2487 445 2546 ego
463 2468 581 2548 amplius
610 2467 717 2548 aliquid
745 2470 894 2549 professus
920 2489 993 2542 sum,
1020 2488 1104 2548 quam

117 2556 208 2615 sentit
227 2554 380 2633 Epicurus,
402 2555 468 2634 quia
485 2553 630 2614 introduxi
649 2557 797 2633 genesim,
827 2549 947 2632 eumque
974 2573 1103 2614 caussam

119 2641 243 2700 omnium
263 2651 408 2719 gestorum
427 2638 586 2700 hominibus
604 2640 699 2720 posui.

161 2724 195 2786 8.
243 2725 368 2804 Cumque
395 2725 467 2785 haee
495 2725 586 2784 senes
613 2725 744 2799 dixisset,
774 2745 832 2805 ego
851 2725 984 2785 Ciemous
1000 2726 1048 2784 aio
1066 2722 1103 2785 ad

117 2829 202 2871 eum:
223 2807 299 2869 Audi
317 2819 410 2889 pater,
431 2813 456 2871 si
475 2821 503 2872 te
522 2811 614 2872 frater
631 2831 712 2872 meus
729 2810 835 2872 Nioeta
849 2812 1017 2883 obtinuerit,
1038 2811 1103 2890 quia

118 2911 176 2955 uon
196 2896 258 2954 sine
277 2894 323 2954 dei
342 2896 520 2974 providentia
539 2897 657 2958 mundus
676 2899 787 2977 agitur,
808 2900 837 2958 iu
856 2899 910 2957 isto
927 2908 1011 2977 parte
1029 2914 1103 2976 quae

117 2991 252 3059 superest
270 2978 306 3036 de
325 2983 438 3056 genesi,
460 3000 516 3058 ego
536 2982 586 3040 tibi
604 2993 718 3060 potero
736 2982 931 3062 responderep
960 2993 1005 3041 est
1028 2983 1103 3040 euim

116 3065 187 3124 mihi
206 3063 308 3120 notitia
326 3062 407 3122 huius
426 3064 577 3122 seientiae.
624 3065 662 3123 Et
679 3085 742 3123 oum
762 3067 834 3124 haee
844 3065 992 3136 dixissem,
1012 3066 1104 3123 irater

118 3165 200 3209 meus
218 3145 337 3224 Aquila:
363 3146 436 3220 Quid
454 3165 576 3207 neeesse
595 3159 650 3217 est,
671 3149 772 3226 inquit,
792 3161 826 3208 ut
841 3167 905 3207 eum
924 3160 1034 3226 patrem
1051 3169 1104 3208 vo·

118 3253 229 3304 nemus,
259 3249 322 3290 oum
349 3232 378 3289 iu
404 3231 543 3291 mandatis
562 3232 715 3292 habeamus
733 3235 874 3292 nemiuem
894 3245 1104 3312 superterram

121 3330 230 3400 patrem
249 3321 386 3392 vocaret
398 3317 436 3376 Et
453 3328 518 3398 post
536 3317 608 3378 haee
627 3318 788 3398 respiciens
796 3317 834 3377 ad
843 3337 958 3376 senem:
979 3317 1044 3377 Non
1059 3320 1103 3377 in·

119 3406 240 3475 iuriose,
261 3403 362 3482 iuquit,
384 3404 521 3482 accipias,
542 3414 636 3482 pater,
657 3401 734 3483 quod
752 3405 869 3463 fratrem
888 3421 980 3462 meum
1004 3405 1117 3482 eulpa-s

118 3492 160 3560 'vi‚
181 3491 245 3568 quia
264 3499 421 3568 te'patrem
438 3492 617 3563 votaret31)
645 3488 782 3555 habeums
800 3489 875 3550 enirn
901 3489 959 3548 taio
985 3488 1103 3550 manda·

120 3585 189 3646 tum,
210 3592 247 3632 ne
266 3574 388 3657 aliquem
407 3574 521 3636 nomine
539 3573 596 3633 isto
613 3575 784 3638 vocitemus.
832 3574 958 3654 Cumque
977 3575 1049 3642 haee
1059 3574 1102 3633 di·
1166 3642 1169 3649 Δ

11 3647 13 3666 ζ
119 3661 210 3718 uisset
226 3657 341 3740 Aquila,
362 3661 426 3721 risit
444 3661 566 3719 omnium
585 3656 756 3719 adstantium
774 3671 876 3721 coetus
894 3678 1021 3719 unacum
1032 3677 1102 3718 sene

121 3753 151 3803 et
169 3743 268 3803 Petro.
313 3742 418 3824 Aquila
445 3752 539 3806 autem
567 3746 734 3826 requirente
761 3764 904 3819 caussam,
933 3765 986 3804 eur
1002 3764 1101 3805 omnes

119 3871 333 3882 ——a—q.

157 3931 182 3992 1)
199 3929 290 3978 uretur.
309 3933 350 3992 aa,
369 3935 392 3978 o.
