2634 4400
658 259 723 328 ms

204 484 260 545 cst,
281 473 328 534 obii
348 470 460 532 deierat
478 483 508 530 et
525 471 647 532 alienum
665 482 752 550 atque
770 475 938 532 extraneum
966 473 1046 552 quasi
1073 485 1187 553 patrem

205 561 291 629 rodat,
312 579 368 618 non
388 557 438 617 tibi
457 557 570 616 videtur
587 559 690 636 impius
708 557 851 616 exsistere
869 559 897 615 in
924 570 1047 636 patrem,
1076 570 1107 618 et
1134 579 1188 619 cx·

203 643 410 704 haeredatione
429 641 629 720 dignissimus?

245 727 303 787 50.
350 729 408 787 Atti
427 726 544 786 dieunt:
574 727 687 804 impium
705 737 766 796 est,
786 727 810 785 si
836 746 894 784 non
913 727 1039 787 coiamus
1057 747 1092 787 ea
1111 747 1187 807 qnae

204 814 286 872 nobis
306 811 411 872 tradita
429 822 493 870 sunt
510 831 526 870 a
544 812 672 890 patribus
689 813 806 884 nostris,
827 822 859 870 et
875 812 1045 890 religionem
1063 833 1187 892 praeva-
1221 859 1226 866 .

203 901 327 957 ricamur
344 919 361 956 a
378 895 533 956 maioribus
564 895 669 955 datam.
715 896 776 955 flac
803 897 932 967 ratione,
952 897 976 954 si
994 899 1075 956 euius
1101 909 1189 976 pater

203 984 276 1042 intro
295 984 358 1052 init,
380 993 428 1041 aut
446 983 469 1039 si
489 981 568 1040 caius
587 982 665 1052 deno,
686 981 847 1059 epatribns
873 981 926 1039 sibi
954 980 1086 1040 eradium
1114 1002 1187 1040 con-

203 1066 381 1126 suetudinem
400 1076 509 1124 mutare
528 1085 584 1122 non
604 1063 702 1136 debet,
724 1085 778 1124 uec
796 1065 833 1124 ad
851 1065 998 1124 meliorem
1006 1068 1079 1124 mam
1099 1087 1116 1124 a
1134 1087 1186 1145 pn-

203 1152 294 1210 ternis
312 1149 459 1208 erroribus
477 1150 622 1220 revocari,
642 1161 674 1208 et
691 1151 804 1228 impium
832 1149 958 1222 ducitur,
986 1152 1011 1210 si
1037 1152 1100 1229 quis
1127 1172 1185 1210 non

203 1255 266 1294 cum
284 1234 450 1314 parentibus
468 1245 584 1313 peccet,
604 1246 653 1294 aut
671 1255 727 1293 non
746 1255 810 1294 cum
828 1237 898 1315 ipsis
923 1237 1024 1317 impius
1046 1255 1185 1314 persece-

124 1334 127 1345 “
202 1331 259 1380 ret.
304 1319 364 1380 Alii
383 1319 497 1378 dicunt:
519 1338 576 1377 non
595 1318 732 1378 debemus
750 1321 865 1379 modesti
882 1339 948 1380 esse
966 1319 1036 1392 deo,
1055 1332 1086 1381 et
1095 1323 1186 1400 ipsum

202 1425 316 1484 semper
333 1415 382 1464 aut
400 1405 576 1464 miseriarum
595 1405 731 1483 querelis,
752 1416 801 1464 ant
827 1406 995 1484 petitionum
1023 1417 1185 1466 nostrarum

202 1489 423 1550 necessitatibus
442 1507 576 1548 onerare.
625 1490 818 1566 Quam-stuba
836 1502 867 1549 et
883 1490 991 1569 absque
1019 1492 1095 1549 omni
1123 1492 1186 1550 soie

202 1577 367 1655 responsio!
387 1573 539 1634 Molestum
558 1572 614 1633 deo
632 1585 734 1652 putas,
762 1577 787 1634 si
813 1577 842 1634 ei
868 1596 923 1655 pro
949 1575 1099 1634 beneflciis
1126 1578 1187 1636 suis

202 1663 311 1741 gratias
330 1679 411 1739 agas,
432 1661 479 1718 cui
496 1659 644 1718 modestum
663 1679 721 1718 non
739 1670 834 1739 putas,
853 1661 878 1718 si
895 1680 948 1738 pro
970 1660 1059 1739 ipsius
1085 1680 1186 1720 munc-

202 1747 292 1817 ribus,
313 1745 397 1822 tignis
416 1754 446 1804 et
464 1743 603 1823 lapidibus
621 1746 732 1821 gratias
750 1746 882 1805 reseras?
899 1744 1100 1824 thuomodo,
1121 1765 1185 1804 cnm
1274 1771 1279 1788 ·

202 1833 279 1889 forte
298 1831 389 1890 imber
407 1830 495 1907 longe
512 1829 670 1888 serenitate
688 1828 884 1907 suspenditur,
903 1850 1003 1889 omnes
1019 1828 1058 1888 ad
1072 1831 1187 1890 coetum

203 1915 303 1973 oculos
322 1913 474 1984 tendimus,
495 1925 525 1972 et
542 1914 578 1972 ab
597 1915 793 1994 omnipotente
820 1914 876 1974 deo
894 1915 1049 1994 pluviarum
1066 1934 1187 1974 manera

133 2033 135 2038 ι
203 2001 373 2076 flagitamus,
395 2017 549 2077 omnesque
564 2017 625 2056 cnm
635 1999 772 2078 parvulis,
787 1999 828 2058 ad
846 1999 931 2060 deum
948 2001 1020 2059 fusis
1037 2000 1185 2078 precibus,

202 2085 403 2144 miserationes
420 2083 508 2162 ipsius
527 2089 698 2143 exoramus?
725 2083 784 2163 Sed
803 2104 905 2145 revera
925 2086 1055 2163 ingratae
1073 2085 1186 2148 animae

203 2189 266 2229 cnm
284 2170 510 2249 impetraverint,
531 2170 590 2229 cito
610 2168 831 2243 obliviscentem
862 2170 994 2231 collectis
1016 2171 1091 2229 enim
1109 2189 1187 2230 mes-

203 2256 279 2316 sibus
298 2266 346 2314 ant
363 2253 525 2326 vindemiis,
546 2256 682 2313 continuo
700 2255 736 2314 ad
763 2255 848 2315 surda
876 2267 907 2315 et
932 2266 1008 2315 muta
1034 2256 1188 2317 simuiacra

202 2342 341 2420 primitias
359 2341 471 2419 frugum
489 2339 634 2411 defernnt,
656 2351 687 2399 et
704 2357 758 2419 pro
776 2341 820 2399 bis
838 2356 912 2420 quae
936 2339 1007 2399 deus
1025 2342 1184 2413 concessit,

202 2428 231 2484 in
242 2426 363 2505 'templis
380 2436 430 2485 out
448 2425 519 2485 ineis
537 2436 604 2501 vota
621 2425 803 2504 persolvunt,
832 2437 863 2485 ct
880 2425 919 2484 ibi
945 2426 1091 2485 sacrificia
1115 2424 1187 2485 dae-

202 2513 304 2571 moniis
332 2510 475 2582 oderunt,
502 2520 587 2591 atque
615 2522 737 2589 accepta
763 2512 857 2589 gratia
883 2521 1046 2590 permutant
1071 2512 1187 2587 gratiae

202 2596 380 2674 largitorem.
410 2650 412 2657 ,

242 2681 300 2740 tt.
347 2681 405 2740 Sed
426 2682 536 2761 quidam
552 2683 666 2743 dicunt-2
686 2684 758 2743 baec
777 2684 906 2744 laetitiae
925 2685 1017 2762 grstia
1036 2692 1066 2742 ct
1082 2680 1119 2741 ad
1137 2701 1187 2741 re·

202 2766 339 2825 levandos
357 2768 466 2827 animos
484 2770 625 2840 instituta,
651 2780 681 2827 et
707 2768 743 2828 ad
770 2769 825 2828 boc
854 2770 980 2839 inventa,
1009 2778 1040 2828 ut
1066 2768 1187 2826 bumana

202 2870 283 2911 mens
302 2852 502 2930 aliquantulum
522 2854 598 2911 curis
618 2864 647 2911 ct
666 2854 847 2918 moeroribus
873 2854 1030 2913 redonetur.
1077 2850 1185 2911 Videte

203 2936 345 3014 quomodo
372 2938 428 3014 ipsi
454 2948 640 2997 accusatores
667 2940 737 2999 estis
764 2959 863 2999 eorum
891 2958 965 3017 quae
993 2938 1105 3016 geritis.
1151 2935 1186 2995 Si

202 3022 274 3081 bnec
293 3020 405 3081 levandi
424 3024 565 3083 moeroris
583 3034 613 3081 et
631 3024 760 3083 lactitiae
778 3023 936 3103 capiendae
950 3042 1051 3085 caussa
1067 3032 1187 3100 repertu

124 3180 125 3189 χ
203 3118 277 3179 suut,
308 3106 450 3187 quomodo
477 3110 505 3166 in
525 3109 604 3182 ‚lucis
631 3119 662 3167 et
688 3110 766 3168 silvis
787 3110 990 3168 invocationes
1017 3105 1186 3165 daemonum

200 3192 290 3252 diunt?
310 3191 451 3271 quomodo
470 3194 562 3252 insani
580 3203 692 3252 rotatus
710 3193 864 3265 bominum,
884 3194 1187 3269 sectionesquemem·

203 3276 331 3347 brorum,
352 3288 382 3337 et
399 3276 577 3337 abscisiones
595 3276 806 3337 verendorum?
832 3275 976 3358 quomodo
995 3278 1024 3335 in
1042 3276 1086 3335 bis
1103 3277 1186 3333 inror

202 3359 318 3418 rubidus
345 3362 523 3438 concipitur?
551 3360 699 3439 quomodo
719 3364 855 3421 invitator
881 3364 1010 3421 insania?
1042 3359 1186 3438 quomodo

204 3445 339 3511 mulieres
356 3445 462 3522 sparsis
480 3446 606 3504 crinibus
625 3446 794 3505 furibundae
813 3449 974 3506 iactantur?
993 3444 1068 3505 uude
1077 3443 1186 3503 stridor

205 3540 235 3587 et
253 3529 381 3586 fremitus
400 3526 544 3588 dentium?
571 3528 646 3589 unde
669 3533 792 3609 mugitus
811 3532 907 3591 cordis
926 3542 956 3591 et
973 3533 1125 3599 viscerum,
1155 3539 1187 3586 et

205 3615 298 3672 omnia
317 3614 365 3672 iiia
383 3632 455 3692 qnae
474 3614 520 3672 vei
538 3616 680 3685 simulata,
700 3616 744 3674 ved
773 3619 858 3675 etiam
885 3616 1045 3675 ministerio
1068 3612 1186 3673 daemo-

205 3719 269 3757 num
289 3699 499 3777 compaginata,
520 3698 556 3757 ad
576 3710 733 3765 terrorism
758 3702 908 3761 stultorum
936 3711 966 3759 et
992 3700 1186 3777 ignorantium

205 3784 346 3843 bominum
364 3784 566 3862 proferuntur?
585 3784 658 3843 baec
676 3784 789 3844 levandi
808 3788 894 3843 animi
913 3786 1019 3863 gratia,
1035 3784 1119 3853 finnt,
1148 3802 1190 3841 an

205 3870 300 3946 potius
319 3866 518 3945 opprimendi?
545 3867 677 3929 Nondum
696 3871 807 3929 sentitis
830 3888 923 3948 neque
942 3868 1114 3950 intelligitis,
1142 3868 1189 3931 daz
