2634 4400
587 239 630 302 te

503 335 715 344 uuam-«⁷2...-

117 445 333 512 eomnteudans.
362 435 509 523 Aitergoi
529 446 553 517 ¹)
575 433 606 503 Si
617 447 776 504 surrexerit
786 447 814 504 in
832 456 862 503 te
880 445 1033 524 propheta,
1054 457 1104 504 aut

116 535 263 593 somnians
281 531 431 602 somnium,
453 529 483 589 et
501 528 615 588 dederit
631 531 714 607 signa
731 530 776 588 vel
787 529 932 608 prodigia,
953 540 983 588 et
997 549 1102 589 erene-

117 621 178 678 rint
196 619 279 696 signa
297 616 345 674 illa
363 613 408 674 vel
427 613 572 693 prodigia,
593 625 623 672 et
641 612 747 680 dixerit
765 614 801 672 ad
818 626 860 685 te,
889 633 985 672 eamus
1004 625 1034 674 et
1052 628 1102 672 eo-

117 701 210 762 lamus
229 701 299 760 deos
322 700 433 759 alienos
459 700 679 787 quos'neseitim
700 709 756 757 nott
775 695 898 757 audietis
919 699 1008 758 rerba
1034 719 1103 778 pro-

118 788 226 866 phetae
244 787 331 856 illius,
351 795 444 862 deque
463 785 600 842 somnium
624 785 805 842 somniatoris
832 784 918 853 illius,
948 785 1013 862 quia
1040 794 1103 842 ten-

119 883 185 930 tans
212 871 331 929 tentavit
358 890 429 941 voe,
469 879 499 926 ut
524 865 621 928 videat
647 869 672 926 si
703 867 822 946 diligitis
849 867 991 927 domiuum
1019 867 1101 927 deum

48 953 53 962 .
114 967 257 1015 veslrssma

163 1038 220 1098 de.
266 1039 426 1117 Propterea
445 1046 516 1117 ergo
544 1036 575 1098 et
592 1023 722 1098 dominus
740 1036 840 1098 ‘noster'
857 1039 938 1116 signa
957 1050 987 1097 et
1004 1037 1104 1116 prodi·
1160 1049 1166 1054 ’

120 1127 170 1204 gia
181 1125 301 1195 iaciens,
315 1122 398 1184 deum
408 1122 597 1202 praedicabat
610 1123 791 1194 ludaeorum,
809 1134 839 1182 et
848 1123 915 1182 ideo
925 1135 1007 1182 reete
1018 1141 1104 1202 prae-

121 1210 260 1270 dicationi
289 1210 350 1268 eius
369 1208 507 1290 ¹eruditum
553 1208 594 1267 Tu
613 1212 707 1268 nutem
727 1210 811 1267 etiam
831 1210 854 1266 si
873 1227 942 1267 vere
962 1209 1105 1287 propheta

121 1313 216 1365 esses,
229 1305 258 1352 et
268 1295 350 1369 signa
360 1291 474 1352 iaceres
484 1303 518 1350 ae
528 1285 673 1371 prodigia,
685 1295 760 1351 sieut
767 1295 920 1370 promittis,
933 1304 962 1352 et
972 1295 1044 1352 alios
1053 1292 1104 1351 nd·

121 1380 275 1448 nunciares
294 1377 364 1436 deos
383 1387 582 1456 praetoremn
602 1378 648 1458 qui
666 1388 816 1447 verusne,
837 1379 1015 1455 manifestum
1027 1389 1105 1436 osset

120 1477 152 1524 te
172 1463 206 1522 nd
225 1464 412 1522 tentationem
431 1464 538 1541 populo
557 1462 604 1521 dei
623 1464 799 1532 suscitatum,
820 1473 850 1521 et
868 1461 934 1520 ideo
953 1462 1034 1520 credi
1052 1463 1104 1520 tini

122 1550 238 1608 oninino
257 1567 312 1606 non
332 1558 439 1625 potestn
485 1547 563 1606 Unus
582 1557 627 1606 est
645 1549 719 1606 enim
741 1560 838 1617 verum
859 1548 904 1624 qui
924 1557 969 1606 est
982 1545 1105 1604 ludaeo-

121 1655 184 1692 rum
204 1631 284 1703 deus
306 1643 336 1691 et
354 1633 390 1690 oh
408 1632 463 1690 hoe
483 1630 611 1691 dominus
629 1643 729 1691 noster
742 1631 826 1690 lesus
836 1631 966 1690 Christus
981 1628 1106 1690 docebat

122 1716 317 1797 quaerendum
345 1735 409 1776 esse
432 1737 489 1776 non
507 1717 590 1776 deum
610 1737 692 1796 quem
710 1716 786 1776 bene
804 1727 955 1788 noverant,
975 1715 1105 1793 sedreg·

122 1823 188 1862 num
208 1813 238 1862 ot
255 1802 389 1860 iustitiam
408 1803 480 1872 eius,
502 1821 584 1880 quam
603 1795 716 1860 scribae
736 1808 766 1861 et
783 1791 941 1881 pharisaei,
971 1811 1106 1878 suscepta

118 1888 264 1947 'scientiae
284 1883 381 1957 clave,
402 1907 459 1945 non
478 1888 691 1957 concluserant,
720 1884 773 1945 sed
791 1886 985 1945 excluserant
1031 1885 1104 1944 Nam

123 1975 149 2032 si
167 1974 357 2050 ignorassent·
367 1989 465 2030 verum
485 1971 579 2042 deum5
600 1979 740 2050 nunquam
757 1965 855 2049 utique
865 1964 948 2030 tutus
956 1966 1000 2030 rei
1010 1972 1106 2030 scien·

122 2059 192 2115 tiam
210 2057 385 2134 relinquens,
406 2073 478 2134 quae
498 2066 561 2116 erat
578 2059 701 2115 omnium
720 2067 822 2136 eaput,
852 2057 982 2135 culparet
1000 2072 1051 2115 eos
1069 2053 1106 2115 de

124 2142 220 2222 parvis
240 2151 269 2200 et
287 2142 418 2211 minimis,
439 2139 466 2201 id
487 2152 541 2213 est,
571 2141 646 2220 quod
665 2140 820 2201 dilatarent
836 2140 961 2201 fimbrias
980 2160 1055 2212 suas,
1077 2151 1107 2201 et

119 2230 232 2306 ¹primos
250 2227 398 2285 accubitus
416 2228 444 2284 in
464 2221 602 2285 conviviis
620 2218 811 2296 vindicarent,
831 2236 863 2284 et
880 2224 955 2304 quod
981 2227 1010 2284 in
1039 2246 1107 2304 qua-

125 2313 225 2370 driviis
243 2322 351 2370 stantes
370 2321 502 2381 orarent,
531 2322 561 2370 et
579 2312 635 2369 alia
653 2312 697 2369 his
716 2311 832 2381 similia,
863 2329 935 2388 quae
954 2307 1051 2387 utique
1070 2330 1107 2368 ex

126 2398 342 2475 comparatione
361 2397 457 2474 magni
474 2396 555 2455 huius
573 2396 687 2475 eapitis,
707 2387 889 2473 ignorantiae
909 2389 971 2464 dei,
1001 2396 1107 2471 exigna

124 2480 259 2541 videntur
277 2492 307 2539 et
323 2489 422 2559 patrat

168 2564 225 2625 dt.
272 2565 309 2624 Et
326 2565 425 2625 Simon
443 2564 479 2624 ad
497 2566 570 2625 haee
589 2567 644 2624 ait:
664 2564 709 2624 lta
726 2564 822 2624 verbis
841 2565 968 2642 magistri
987 2565 1026 2623 tui
1037 2584 1108 2622 eon-

63 2678 68 2681 ·
124 2652 236 2710 vincam
256 2661 296 2720 te,
318 2651 382 2729 quia
400 2652 484 2710 etiam
503 2639 566 2733 ipse
584 2640 745 2729 ignoratum
765 2648 902 2729 quendam
922 2650 1050 2708 omnibus
1064 2650 1108 2707 in-

124 2734 253 2794 troducit
270 2734 364 2794 deum.
394 2735 464 2794 Cum
483 2739 560 2795 eninr
577 2747 606 2796 et
622 2734 714 2794 Adam
733 2746 893 2794 creatorem
908 2754 990 2793 ‘suum
1009 2734 1109 2793 scierit

128 2820 223 2890 deum,
244 2820 395 2900 mundique
414 2820 604 2891 conditorem,
626 2831 656 2880 et
675 2820 785 2890 liuo'eln
807 2814 912 2898 quippe
939 2821 986 2897 qui
1012 2818 1048 2879 alr
1071 2839 1107 2877 eo

127 2906 280 2965 translatus
291 2905 346 2975 esta
367 2916 396 2963 et
406 2894 482 2977 Noe,
503 2904 603 2983 utpote
613 2905 648 2963 ab
659 2918 695 2965 eo
714 2907 805 2965 iussus
819 2924 913 2963 aream
925 2916 1106 2974 construere,

128 3009 248 3067 eumque
268 3000 297 3047 et
313 2987 467 3059 Abraham,
488 3000 519 3049 et
537 2990 628 3059 Isaac,
650 3000 681 3048 et
698 2990 796 3059 laceb,
818 2999 848 3047 et
864 2988 982 3067 Moyses
1001 3000 1031 3047 et
1049 3008 1109 3045 om-

127 3090 179 3133 nes
199 3084 306 3151 patres,
328 3074 474 3150 omnisque
493 3075 614 3152 populus
633 3084 718 3151 atque
738 3092 837 3131 omues
855 3083 958 3149 gentes
977 3073 1110 3129 noverint

129 3158 309 3217 'conditorem
336 3156 442 3227 mundi,
472 3168 502 3215 et
528 3158 673 3215 fateantur
699 3155 797 3226 deum,
826 3155 907 3215 lesus
933 3166 1031 3214 vester
1061 3158 1109 3233 qui

129 3245 217 3321 longe
244 3242 391 3320 posterior
417 3241 544 3320 patribus
570 3241 713 3319 apparuit,
743 3239 828 3299 dicit:
852 3234 881 3310 ἵ)
914 3238 1007 3299 Nemo
1031 3242 1111 3299 novit

129 3330 227 3398 lilium‚·
248 3327 302 3385 nisi
321 3336 422 3404 patens
435 3345 527 3404 neque
547 3337 656 3405 patrem
676 3326 748 3404 quis,
769 3327 823 3384 nisi
842 3326 926 3396 lilius,
947 3328 1041 3384 et'eui
1059 3346 1110 3384 vo-

129 3414 216 3472 luerit
243 3411 315 3471 lilius
338 3412 480 3471 revelare.
528 3402 572 3470 lta
589 3431 662 3488 ergo
681 3422 711 3470 et
729 3411 808 3471 lesus
827 3421 924 3470 vester
941 3412 1024 3469 alium
1045 3431 1109 3470 osse

130 3495 214 3557 deum
231 3490 548 3577 incomprehensibilem
568 3496 696 3557 omnibus
714 3506 744 3557 et
761 3496 937 3575 incognitum
955 3498 1072 3557 latetur⁶

128 3694 343 3706 ...ψ-ιι-

169 3786 194 3847 ¹)
211 3782 286 3833 Dent.
305 3787 345 3845 1³,
365 3790 386 3833 l.
406 3790 429 3833 2.

167 3852 194 3916 ²)
211 3848 303 3902 natet.
321 3856 362 3915 11,
382 3856 421 3903 aa
