2634 4400
585 310 651 372 195

162 514 219 576 dd.
265 515 304 575 lit
321 534 426 575 senex:
449 515 507 575 Cur
524 517 579 577 iste
598 517 710 576 inutilia
726 517 873 577 voluntate
889 518 963 577 illius
977 539 1102 579 summae

15 674 17 699 ι
93 603 223 663 mentis
242 602 322 674 liant,
342 602 508 660 velimate
528 601 639 661 audire.
687 600 731 674 st,
759 604 865 683 inquit,
894 603 1002 683 liquido
1028 603 1102 684 apud

119 700 149 747 te
170 697 297 759 constat,
322 685 403 765 quod
422 688 524 745 mentis
539 698 573 745 'ct
590 687 711 745 rationis
730 708 800 767 opus
819 690 847 745 in
866 690 936 768 ipsis
954 700 1014 762 est,
1044 701 1103 747 tum

120 772 231 831 demum
249 771 302 830 tibi
320 774 403 831 etiam
424 790 475 829 cur
489 773 565 831 iacta
579 784 653 843 sunt,
675 771 776 831 dicere
788 794 845 831 non
859 773 970 851 pigebit
984 786 1013 832 et
1027 771 1104 853 quod

119 859 193 917 iuste
213 858 364 916 laetasint
384 856 521 917 edocere.
567 855 613 916 Ad
632 859 704 917 baec
723 878 814 917 senex
840 858 1006 937 respondit:
1035 858 1103 917 Non·

120 962 247 1023 possum,
269 943 322 1014 titi,
342 962 376 1001 ea
395 962 466 1021 quae
484 941 618 1002 videntur
637 962 674 1001 ex
692 954 755 1003 arte
773 945 910 1016 formata,
931 942 1032 1002 dicere
1049 963 1104 1023 per

120 1039 244 1087 mentem
263 1028 337 1100 lieri,
363 1039 482 1109 propter
509 1038 625 1087 caetera
653 1048 725 1109 quae
752 1028 856 1089 iniuste
884 1041 914 1088 et
940 1028 1102 1089 inordinate

74 1182 76 1186 Ι
120 1114 184 1172 lieri
202 1112 330 1172 videmus
348 1114 376 1170 in
395 1112 510 1171 mundo.
558 1113 595 1186 Si¹
608 1125 649 1186 te,
670 1114 761 1193 inquit
778 1113 893 1192 Aquila,
914 1134 1040 1194 eaquae
1059 1116 1103 1172 in·

121 1197 253 1257 ordinate
272 1199 353 1270 liunt,
375 1198 473 1257 dicere
493 1197 569 1276 quod
586 1218 640 1276 per
657 1198 866 1277 providentiam
885 1198 932 1259 dei
950 1200 1104 1262 laetasint

120 1303 178 1343 non
197 1284 302 1355 sinunt,
324 1303 376 1341 cnr
394 1304 450 1341 non
470 1302 505 1341 ea
525 1303 597 1362 quae
617 1283 749 1344 ordinate
768 1284 849 1356 fiunt,
871 1284 971 1358 dicere
985 1297 1016 1344 te
1026 1283 1103 1364 quod

120 1390 137 1428 a
156 1368 212 1429 deo
231 1370 308 1438 iacta
326 1370 382 1427 sint
400 1379 519 1446 cogunt,
541 1379 570 1427 et
589 1371 654 1447 quia
672 1370 877 1427 irrationabilis
904 1381 1006 1429 natura
1032 1390 1102 1449 opus

120 1454 291 1514 rationabile
309 1456 442 1533 prolerre
461 1474 518 1513 non
537 1455 647 1533 possit?
671 1453 787 1513 Certum
807 1466 852 1513 est
870 1456 956 1527 enim,
977 1474 1031 1515 nec
1043 1475 1103 1515 om-

119 1541 187 1599 nino
207 1558 361 1618 negamus‚.
377 1540 442 1618 qnia
459 1540 487 1597 in
506 1540 562 1599 boc
581 1538 684 1601 mundo
700 1538 840 1619 quaedam
851 1539 993 1611 ordinate,
1014 1558 1103 1619 quae·

120 1623 183 1684 dam
211 1624 374 1683 inordinate
402 1625 485 1697 liant3
521 1644 556 1685 ea
584 1644 655 1703 crgo
684 1644 757 1705 quae
783 1626 993 1684 rationabiliter
1018 1626 1101 1696 fiunt,

120 1709 209 1771 crede
229 1709 305 1790 quod
323 1730 377 1788 per
394 1708 602 1788 providentiam
622 1712 703 1781 fiant,
723 1729 796 1794 quae
815 1725 885 1769 vero
900 1710 1103 1770 irrationabili·

119 1808 167 1856 ter
185 1806 215 1855 et
232 1794 405 1866 inordinate,
427 1797 492 1874 quia
510 1796 681 1855 naturaiiter
699 1797 833 1855 eveniant
851 1808 881 1856 et
894 1798 1013 1855 fortuito
1024 1797 1103 1857 acci-

58 1926 64 1943 „
121 1881 199 1941 dant.
245 1880 338 1939 Miror
356 1892 450 1939 autem
468 1902 526 1939 non
545 1879 698 1940 advertere
716 1882 856 1954 homines,
886 1884 952 1961 quia
969 1881 1017 1940 ubi
1035 1900 1102 1939 sen-

119 1987 167 2027 sus
187 1976 242 2038 est,
262 1978 380 2047 possunt
398 1984 446 2025 res
465 1965 595 2025 ordinate
614 1964 677 2027 fieri
697 1977 727 2026 et
744 1966 923 2039 inordinate,
944 1967 991 2025 ubi
1008 1976 1103 2026 autem

119 2052 211 2111 nuilus
230 2058 275 2111 est
293 2072 404 2123 sensus,
424 2063 555 2111 neutrum
574 2050 688 2112 omuino
708 2052 803 2125 ellici3
828 2074 893 2111 nam
920 2054 995 2112 ratio
1024 2051 1103 2110 ordi·

120 2156 185 2198 uem
204 2136 285 2210 iacit,
306 2135 414 2195 ordinis
432 2148 656 2210 autem'cursus,
686 2139 711 2195 si
737 2139 912 2195 contrarium
940 2135 1007 2216 quid
1024 2138 1103 2196 aeci·

120 2222 196 2282 derit
215 2222 290 2302 quod
310 2221 439 2282 ordinem
457 2223 565 2294 turbet,
586 2225 753 2282 necessario
781 2222 973 2281 inordinatum
995 2221 1102 2302 aliquid

119 2311 244 2392 profert.
290 2307 327 2365 Et
345 2325 450 2366 senex:
472 2307 533 2366 lice
553 2309 643 2384 ipsum
662 2306 729 2365 mibi
746 2327 763 2365 a
781 2316 811 2365 te
831 2305 944 2366 ostendi
962 2304 1046 2365 volo.¹

162 2391 218 2453 itt.
265 2392 342 2464 Non,
364 2394 464 2472 inquit,
485 2392 620 2450 morabor
636 2390 752 2471 Aquila.
801 2389 864 2450 Duo
882 2390 1006 2469 visibilia
1020 2393 1103 2470 signa

119 2488 314 2538 monstrantur
326 2481 355 2537 in
375 2479 472 2550 coeio,
491 2479 668 2549 uuumsoiis‚
688 2475 875 2551 aliudiuuae3
896 2477 1102 2556 baecsequun·

118 2575 167 2624 t'ur
184 2575 215 2624 et
234 2564 308 2624 aliae
327 2566 449 2642 quinque
468 2564 582 2635 stellae,
604 2562 734 2622 diversos
752 2574 782 2622 et
810 2564 944 2642 proprios
971 2562 1102 2640 singulae

120 2651 300 2730 explicantes
319 2669 430 2708 cursus.
478 2645 557 2708 llaec
576 2667 648 2726 ergo
669 2647 739 2708 deus
757 2651 853 2729 posuit
871 2649 899 2706 in
919 2649 1019 2720 coeio,
1040 2649 1102 2727 qui-

119 2737 173 2794 b'ns
192 2737 269 2795 aeris
287 2735 444 2812 temperies
462 2753 515 2814 pro
534 2733 646 2792 ratione
664 2745 823 2814 temporum
842 2733 1042 2814 dispensetur,
1073 2743 1103 2792 et

120 2820 193 2880 ordo
222 2819 444 2879 vicissitudinum
471 2821 766 2899 permutationumque
796 2829 939 2880 servetur.
995 2819 1102 2878 Horum

119 2917 215 2966 autem
234 2907 359 2982 ipserum
379 2905 548 2976 ministerio,
570 2906 641 2964 etsi
660 2904 772 2985 quando
791 2925 845 2984 pro
863 2906 993 2985 peccatis
1011 2905 1102 2964 bomi·
1156 2960 1166 2977 ,

118 3011 185 3050 num
204 2990 290 3067 plaga
308 3001 338 3048 et
355 2991 501 3068 corruptio
511 2991 598 3048 terris
607 2991 745 3060 induitur,
764 2991 948 3069 perturbatur
957 3009 1019 3060 aer,
1040 2991 1102 3048 lues

117 3073 319 3143 animantibus,
340 3077 487 3152 corruptio
505 3074 647 3152 frugibus,
667 3074 805 3154 pestilens
822 3092 876 3152 per
893 3077 1103 3133 omniamorta·

60 3167 66 3174 ‘
117 3159 194 3220 libus
212 3177 300 3216 annus
318 3156 473 3230 inducitur,
494 3168 524 3218 et
541 3158 581 3216 ita
599 3159 640 3230 lit,
661 3169 693 3216 ut
709 3178 767 3217 uno
789 3157 948 3236 eodemque
975 3159 1104 3216 ministe-

118 3248 165 3304 rio
185 3254 213 3302 et
233 3253 365 3302 servetur
381 3241 453 3302 ordo
472 3255 503 3303 ct
520 3254 729 3323 corrumpatur.
776 3243 889 3302 Etenim
904 3243 994 3322 palam
1005 3243 1103 3301 estin-

121 3328 246 3388 credulis
266 3339 296 3388 ct
312 3329 464 3408 imperitis,
483 3327 559 3408 quod
579 3348 679 3388 cursus
697 3329 766 3388 solis
783 3328 862 3387 utilis
881 3329 1102 3388 etneccssarius
1202 3383 1207 3394 ,

120 3414 236 3486 mundo,
262 3433 315 3494 per
333 3413 644 3493 providentiamdatus‚
665 3433 780 3494 semper
789 3412 936 3472 ordinatus
945 3414 1100 3486 habeatur3

120 3501 205 3558 lunae
223 3508 292 3558 vero
312 3498 349 3558 ad
368 3501 611 3580 comparationem
631 3500 830 3572 cursus'soiis,
850 3500 879 3558 in
897 3501 1058 3578 augmentis
1073 3507 1104 3557 et

121 3584 299 3644 detrimentis
318 3586 375 3644 suis
393 3584 468 3664 apud
486 3587 635 3664 imperitos
660 3584 816 3644 inordinati
843 3605 943 3644 cursus
970 3583 1104 3643 videntur

120 3681 153 3729 et
169 3671 363 3748 incompositi.
409 3669 482 3729 Nam
501 3671 543 3729 sol
563 3670 651 3730 certis
669 3669 898 3729 distinctionibus
917 3681 947 3728 et
964 3666 1103 3728 ordinatis

121 3765 267 3828 movetur3
288 3773 326 3814 ex
343 3757 406 3835 ipsc
425 3757 583 3816 enim'sunt
600 3755 703 3827 borae,
723 3775 761 3814 ex
777 3757 840 3834 ipso
855 3749 1103 3814 diescumascem

122 3833 210 3919 derit,
231 3859 268 3898 ex
285 3841 348 3919 ipso
368 3835 453 3899 etiam
472 3861 530 3899 nox
548 3859 610 3900 cum
630 3839 783 3911 occiderit,
804 3859 842 3898 ex
859 3840 922 3919 ipso
934 3853 1054 3897 'menses
1073 3849 1104 3896 et

121 3925 190 3984 anni
207 3933 401 4007 numerantur,
423 3945 460 3985 ex
473 3927 536 4006 ipso
546 3924 758 3986 vicissitudines
768 3936 927 4004 temporum
936 3924 1017 3999 liunt,
1038 3922 1102 3982 dum

800 4029 809 4036 ·
849 4012 890 4070 13
1066 4009 1070 4016 ’
