2634 4400
596 245 661 308 tttt

523 337 737 352 ——u———ss

135 448 226 526 longe
245 443 356 506 uberet.
403 445 440 506 Et
467 465 566 508 omnes
593 467 688 528 paene
715 451 762 529 qni
788 468 843 530 per
860 445 1019 515 sermo'nem
1034 451 1117 517 -l’etri

135 532 334 604 crediderant,
352 531 448 592 divelli
466 532 502 591 ult
521 553 556 592 co
575 536 644 594 sutis
662 554 753 613 segre
767 533 922 610 hebebant,
943 538 995 597 sed
1009 540 1118 619 puriter
1149 541 1152 550 '

136 613 320 688 incedentes,
350 615 413 676 dum
442 619 544 678 iterum
571 617 687 691 videre,
716 619 819 679 iterum
846 623 999 702 complecti
1026 627 1114 698 iuvet,
1184 624 1196 632 ”

136 703 240 760 iterum
269 702 405 762 conterre
432 721 613 774 sermonem,
642 703 678 762 od
705 703 894 765 diversorium
921 711 1114 785 pervenimus.

137 787 277 864 Sequenti
297 806 366 844 vero
386 782 433 844 die
451 786 579 846 venimus
607 785 823 861 Ptolemaidem,
852 786 900 850 ubl
926 789 1027 851 decern
1055 793 1116 853 dies

134 870 278 930 demorati
297 889 358 930 cum
377 872 512 948 eliquenti
540 871 655 932 verbum
683 871 731 931 dei
755 875 945 953 recepissent,
975 878 1116 936 nonnullis

136 956 316 1032 corennum
339 957 510 1015 attentiores
536 953 706 1016 videbuntur
731 966 762 1018 et
788 957 891 1019 diutius
914 959 1045 1020 detinere
1063 980 1116 1020 nos

135 1039 287 1098 doetrinae
307 1038 400 1116 gretia
418 1039 584 1117 cupiebant,
602 1041 740 1119 Tripolim
758 1043 783 1102 si
802 1043 857 1101 lsoc
884 1045 983 1115 velint,
997 1037 1044 1103 'ut
1069 1065 1117 1105 se·

134 1134 293 1202 eruerentur·
310 1122 507 1184 iudicavimus.
552 1125 694 1185 Similiter
711 1135 741 1185 et
757 1123 953 1207 upudTyrum
972 1147 1011 1187 ec
1030 1128 1117 1188 Sidoss

134 1227 200 1266 uem
228 1219 258 1266 et
284 1206 419 1287 Berytunr
450 1209 581 1281 lecimus,
613 1219 643 1270 et
661 1209 705 1269 his
723 1212 770 1290 qui
789 1212 900 1289 plenius
914 1210 1117 1272 desiderabunt

135 1291 239 1352 uudirc
258 1311 432 1377 sermonem,
452 1291 528 1371 opud
545 1293 682 1372 Tripolim
701 1295 784 1353 uoltis
800 1294 980 1355 hiemandum
1007 1297 1117 1358 denun-

134 1377 283 1435 einviutus.
317 1376 409 1454 Igitur
426 1396 489 1436 cuns
508 1397 545 1437 ex
563 1377 683 1454 siugulis
702 1379 864 1438 civitatibus
881 1379 1002 1440 studiosi
1012 1384 1115 1461 quique

136 1462 344 1522 cornitureotud
361 1460 486 1532 Petrum,
508 1461 666 1520 electorum
684 1460 833 1521 multitudo
850 1462 971 1540 plurima
988 1465 1116 1542 ingredi·

135 1566 198 1604 uum
214 1545 363 1623 Tripolim.
410 1545 552 1604 Continuo
571 1556 664 1606 eutem
683 1558 750 1604 unte
769 1557 867 1624 portus
877 1548 1000 1607 civitatis
1009 1549 1115 1608 iratres

135 1632 181 1710 qui
202 1631 349 1708 praemissi
368 1629 494 1702 luerent,
514 1641 670 1688 occurrent
687 1641 718 1689 ot
735 1632 926 1710 suscipientes
947 1651 1000 1690 nes
1026 1631 1116 1694 atto·-

135 1725 205 1774 eunt
222 1733 276 1792 per
294 1714 427 1792 bospitio,
449 1733 522 1793 quen
545 1725 799 1792 praeparaverant.
847 1715 1006 1774 Commotio
1020 1727 1116 1776 eutem

134 1809 165 1858 et
184 1817 341 1858 concursus
359 1791 495 1883 plurimus
514 1798 602 1858 tiebat
619 1798 648 1857 in
666 1799 795 1871 civitate,
823 1796 1047 1860 desiderantium
1073 1802 1115 1860 vi-

134 1882 205 1941 dere
226 1882 350 1941 Petrum.

177 1967 211 2026 ll.
258 1965 295 2026 Et
313 1986 375 2026 etun
394 1967 569 2028 venissemus
587 1966 624 2028 ed
641 1963 754 2028 domurn
770 1965 910 2041 Maronis,
930 1971 959 2029 in
986 1989 1042 2049 qua
1059 1970 1114 2029 Pc-

132 2061 179 2110 tro
200 2052 294 2112 lueret
311 2062 521 2131 prosperatum,
542 2070 698 2112 couversos
716 2053 870 2125 uolturios,
890 2053 1114 2131 postdiemcre-

132 2139 237 2195 stiuum
256 2154 417 2196 sermonem
435 2155 467 2194 se
486 2133 522 2194 od
541 2155 592 2196 eos
610 2137 742 2216 promisit
758 2138 910 2196 lecturum.
957 2137 1049 2216 igitur
1066 2140 1114 2219 qui

132 2222 283 2300 praemissi
300 2220 415 2280 luerunt
433 2222 550 2291 fretrus,
571 2211 701 2280 omnibuis
727 2224 774 2299 qui
800 2222 948 2281 nobiseum
974 2232 1115 2281 nvenerunt
1180 2285 1184 2295 ⁸

131 2305 258 2383 hospitio
277 2303 414 2364 dividunt.
462 2302 651 2388 Petrusvero
673 2304 802 2363 Maronis
828 2303 940 2363 domum
967 2305 1114 2383 ingressus

133 2409 198 2447 eum
217 2400 369 2465 rogaretur
387 2388 479 2447 cibum
498 2406 623 2459 sumere,
651 2406 827 2466 nequequam
852 2407 885 2447 se
907 2389 1048 2447 lecturum
1065 2406 1114 2448 re·

133 2470 261 2552 spondit,
282 2474 335 2533 nisi
354 2474 432 2551 prius
451 2472 563 2542 scisset,
585 2473 608 2531 si
625 2491 726 2530 omnes
744 2473 791 2551 qui
809 2490 874 2531 eum
891 2472 1007 2531 luerent
1024 2474 1114 2531 comi·

133 2558 186 2617 tuti
208 2557 337 2635 hospitiis
364 2556 593 2635 requiescerent.
640 2556 789 2635 Comperit
812 2567 908 2615 nutem
934 2575 952 2615 o
976 2556 1113 2616 iratribus

133 2641 182 2719 qui
201 2642 348 2719 praemissi
367 2652 442 2713 suut,
463 2640 528 2719 quin
545 2660 562 2700 n
581 2639 690 2701 civilsus
712 2660 764 2719 pro
782 2639 928 2701 desiderio
947 2639 1023 2720 quod
1041 2658 1114 2719 erge

134 2724 248 2784 Petrum
268 2736 475 2803 conceperunt,
496 2744 553 2784 neu
571 2726 660 2786 solum
678 2726 811 2804 hospitiis
823 2724 881 2791 ,ssd
903 2737 934 2785 et
960 2727 1036 2783 omni
1062 2726 1114 2791 ltu·

132 2811 268 2869 nunnitute
287 2810 414 2889 suscepti
432 2811 500 2882 siut,
511 2810 549 2869 in
568 2820 675 2870 tuntum
693 2819 724 2869 ut
742 2821 773 2869 et
794 2811 1035 2869 contristarentur
1060 2812 1113 2868 uli·
1194 2858 1198 2864 ,

133 2894 242 2971 quenti,
263 2893 364 2972 quibus
383 2893 503 2971 deluere
522 2914 593 2973 quos
618 2896 814 2975 susciperent3
843 2896 884 2953 ite
911 2895 986 2955 enim
1014 2912 1113 2953 omnes

131 2989 248 3057 pnrntos
267 2979 366 3048 luisse,
387 2987 418 3035 ut
435 2979 459 3035 si
478 2978 565 3037 multo
592 2979 690 3055 plures
716 2980 873 3051 venissent,
901 2978 993 3037 adhuc
1018 2989 1113 3037 tumen

132 3058 332 3137 suscipiendos
351 3060 442 3135 mugio
460 3080 542 3137 quum
560 3063 750 3139 suscipientes
768 3063 858 3120 inism
875 3061 1037 3120 defuturos.

176 3145 211 3202 5.
259 3140 355 3223 Super
380 3142 424 3203 his
452 3142 554 3202 Petrus
580 3142 663 3202 vuldo
690 3143 865 3215 dolectatus,
885 3143 1058 3202 eollsudnvit
1083 3156 1114 3203 et

133 3224 283 3289 benedixit
301 3246 353 3286 eos
370 3246 405 3285 uc
423 3246 520 3287 seeum
538 3246 655 3287 munere
674 3228 767 3290 iussit.
811 3227 878 3306 lpse
894 3246 966 3287 vero
990 3246 1053 3285 eum
1071 3228 1113 3287 le·

132 3315 223 3373 visset
241 3313 269 3371 in
287 3313 368 3383 mori,
390 3311 454 3370 eilso
473 3321 565 3371 murto
584 3312 693 3390 quievit
709 3311 737 3370 iu
755 3330 889 3391 vespere.
935 3311 973 3370 ttt
986 3328 1112 3372 exmore

117 3397 273 3476 ,pullorum
292 3396 422 3455 cuntibus
441 3415 573 3473 surgens,
602 3398 781 3475 vespertino
794 3395 886 3455 editoe
912 3396 1018 3456 lumine
1044 3415 1112 3475 per·-

134 3480 266 3553 durante‚
287 3492 407 3539 cunctos
425 3481 533 3540 iuverit
559 3481 727 3557 vigilantem
752 3500 866 3541 eremus
891 3492 985 3540 sutem
1013 3486 1113 3559 omnes

134 3584 197 3623 cum
217 3584 252 3623 eo
271 3563 409 3636 sedecim,
432 3565 532 3623 Petrus
550 3574 580 3624 et
598 3584 654 3642 ego
667 3565 809 3636 Clemens,
830 3565 937 3625 Nicetu
955 3562 1110 3643 etAquilu,

133 3660 163 3707 et
182 3648 221 3705 illi
241 3649 286 3726 qui
305 3658 527 3727 praecesserant
545 3646 706 3708 duodecim.
754 3649 888 3709 Suluteus
902 3650 998 3727 itaque
1016 3659 1047 3709 ut
1058 3666 1112 3707 so·

133 3731 212 3791 lebut
230 3732 330 3793 Petrus
349 3733 404 3791 nit:
425 3730 517 3791 Hodie
538 3733 603 3813 quin
621 3732 684 3793 aliis
702 3735 835 3813 occupati
855 3753 911 3793 nou
930 3750 1039 3802 sumus,
1059 3752 1112 3791 no-

132 3816 177 3875 bis
195 3816 292 3876 simus.
339 3816 376 3876 Et
394 3836 450 3896 ego
478 3815 590 3896 quidem
617 3817 709 3890 volsis,
739 3838 813 3897 ques
835 3814 911 3959 apud
938 3816 1111 3879 Caesaream
