2634 4400
653 217 697 276 ts

184 425 292 501 piscem
313 422 446 499 ceperis?
470 418 667 499 numquidnam
685 430 781 478 mente
801 416 946 494 excidisti,
966 417 1083 496 qnod'
1060 439 1102 480 sic
1122 430 1167 478 at-

94 539 96 548 ,
185 509 291 564 tomtns
310 510 425 584 stupes?
445 503 574 582 quidest
592 502 667 581 qnod
680 503 816 581 pateris?
844 500 889 560 dic
917 501 996 560 mibi.
1041 503 1083 561 At
1109 524 1166 579 ego

185 591 349 667 indignatus
373 591 398 648 ei
417 589 568 668 paululum,
591 586 665 666 qnod
684 606 764 645 mea
788 586 944 645 dulcedine
967 605 1065 644 eorum
1093 608 1166 665 qnae

185 673 317 732 intuebar
335 673 520 742 abstraxerit,
542 670 677 751 respondi
696 671 765 729 nibil
783 689 828 728 me
848 672 913 729 mali
939 672 1010 749 pati,
1035 670 1087 731 sed
1104 673 1167 728 ani-

185 779 230 815 mo
251 756 467 818 desiderabilem
495 757 562 814 mibi
589 757 694 816 intueri
713 755 905 826 Hierusalem,
933 755 1071 832 simulque
1092 755 1167 813 Cae-

185 863 307 912 saream,
329 853 358 900 et
369 860 492 918 corpore
505 838 616 918 quidem
635 857 699 898 cum
718 841 780 918 ipso
800 859 877 908 csse,
897 851 992 897 mente
1010 859 1080 898 vero
1098 840 1169 914 illue

185 929 298 1004 penitus
317 927 437 984 auferri.
482 922 523 1000 At
541 924 588 982 illc
607 925 707 981 nescio
717 923 792 982 unde
802 925 966 1002 inspiratus,
987 923 1167 982 reconditum

185 1022 215 1068 ct
233 1021 375 1068 secretum
397 1009 527 1066 veritatis
545 1008 664 1085 protulit
685 1008 813 1068 verbum.
909 1002 912 1007 ’

226 1093 282 1152 (id.
330 1091 449 1164 Desine,
471 1093 571 1170 inquit,
592 1091 696 1165 Petre;
717 1090 784 1171 quid
802 1090 940 1172 estquod
953 1093 1034 1168 agis?
1052 1093 1168 1154 bienim

186 1179 231 1256 qui
252 1177 390 1236 daemone
418 1178 557 1256 incipiunt
583 1177 691 1254 repleri
713 1177 759 1236 vel
777 1178 886 1234 moveri
905 1186 1012 1247 niente,
1033 1177 1167 1234 huiusce-

184 1260 261 1339 modi
280 1263 360 1320 initia
378 1261 495 1332 babent,
515 1280 568 1340 per
584 1261 863 1340 phantasias-primo
883 1259 919 1318 ad
937 1259 1059 1319 incunda
1078 1281 1168 1342 qnae·

185 1363 240 1424 que
253 1409 255 1416 ,
268 1357 298 1404 et
326 1343 508 1407 delectabilia
535 1347 757 1415 transferuntur,
787 1343 891 1402 deinde
909 1343 945 1402 ad
964 1363 1000 1405 ea
1018 1365 1090 1422 qnae
1107 1366 1170 1420 non,

185 1441 261 1500 sunt,
281 1432 361 1506 vanis
381 1441 411 1488 et
437 1430 566 1488 inanibus
593 1429 716 1488 motibus
743 1427 935 1489 effunduntur.
973 1424 1044 1487 ⁴lloc
1071 1440 1167 1489 autom

184 1514 290 1572 accidit
310 1535 346 1573 cx
364 1514 503 1592 languore
523 1511 643 1591 quodam
662 1515 785 1584 animae,
815 1533 869 1590 qno
898 1533 934 1570 ea
960 1511 1072 1592 quidem
1092 1533 1167 1590 quae

185 1610 248 1657 sunt
267 1619 324 1676 ιιοιι
341 1597 450 1669 vident,
472 1596 638 1658 desiderant
659 1617 730 1655 vero
757 1595 903 1656 adducere
930 1595 965 1653 ad
995 1609 1167 1695 conspectus

185 1704 250 1742 snos
270 1702 395 1760 eaquae
415 1690 470 1740 nott
490 1692 565 1739 sunt
601 1679 672 1739 .Sed
692 1692 722 1738 et
739 1682 793 1744 illis
811 1682 852 1738 ita
869 1680 986 1750 accidit,
1015 1683 1063 1757 qni
1080 1683 1167 1759 plnre-

184 1769 265 1824 ncsin
284 1769 430 1844 patiuntur
448 1776 477 1824 et
494 1763 627 1823 videntur
644 1765 698 1825 sibi
716 1766 817 1824 multas
835 1763 1094 1863 imaginesuidere‚
1113 1785 1167 1843 pro

185 1869 220 1908 eo
241 1849 314 1927 qnod
335 1851 481 1907 nimietate
500 1850 618 1926 frigoris
636 1851 684 1912 vel
702 1850 806 1907 caloris
824 1849 917 1906 anima
942 1851 1069 1926 ipsorum
1096 1869 1168 1907 con·

185 1935 264 1992 vulsa
283 1944 313 1991 et
332 1945 426 1992 emota
445 1934 516 1990 locis
535 1935 605 2004 suis,
627 1953 755 1992 errorem
774 1935 882 2011 patitur
908 1934 1057 1992 ministerii
1085 1945 1167 1992 natu-

185 2019 263 2075 ralis.
312 2017 370 2075 Sed
390 2029 420 2075 et
438 2017 466 2074 hi
486 2019 532 2096 qui
552 2017 683 2076 laborant
700 2019 759 2089 siti,
780 2038 842 2076 cum
861 2019 889 2074 in
917 2037 1049 2095 soporem
1077 2037 1167 2076 vene·

184 2104 251 2172 rint,
273 2101 387 2160 llumina
406 2113 435 2159 et
453 2103 547 2160 lentes
565 2099 665 2160 videre
685 2101 740 2160 sibi
758 2100 890 2160 videntur
906 2121 941 2159 ac
964 2101 1080 2174 bibere3
1109 2103 1166 2161 hoc

185 2198 284 2245 autem
306 2187 450 2265 patiuntur
476 2185 608 2245 ariditate
636 2187 816 2265 intemperati
836 2187 966 2264 corporis
988 2186 1164 2246 laborantes.

186 2269 400 2370 propterquod
420 2282 528 2331 certum
548 2282 603 2343 est,
624 2271 695 2332 baec
715 2273 784 2329 vitio
804 2268 925 2349 quodam
939 2271 984 2329 vel
998 2290 1109 2330 animae
1119 2272 1166 2331 vel

185 2358 315 2433 corporis
336 2358 409 2415 lieri.

226 2440 282 2497 ott.
330 2440 460 2518 Denique
478 2450 508 2499 ut
527 2442 651 2519 accipias
670 2443 713 2499 rei
733 2438 816 2499 tidem
836 2438 871 2498 de
891 2439 1068 2497 Hierusalem
1084 2460 1166 2517 quam

185 2545 270 2601 saepe
290 2522 428 2595 videram,
450 2524 578 2583 dicebam
598 2526 679 2583 fratri
699 2545 775 2595 meo,
796 2544 869 2601 quae
887 2525 952 2581 loca
970 2543 1076 2601 quosve
1096 2544 1167 2582 con-

184 2620 285 2665 ventus
303 2610 379 2667 risus
397 2608 464 2665 mihi
483 2610 598 2667 luisscm
617 2608 728 2668 videre.
756 2608 816 2666 Sed
827 2607 901 2666 etde
921 2608 1065 2667 Caesarea
1084 2629 1166 2686 quam

184 2712 324 2769 utinquam
344 2690 481 2767 videram,
502 2694 683 2753 nibilominus
702 2691 922 2765 contendebam,
944 2692 1018 2771 quod
1034 2703 1166 2770 essetta·

185 2776 231 2843 lis,
253 2777 362 2853 qualem
382 2788 477 2835 mente
497 2789 527 2835 ct
545 2779 722 2853 cogitatione
742 2796 943 2854 conceperam.
992 2777 1060 2837 Cum
1071 2778 1169 2838 autem

184 2861 324 2917 venissem
353 2861 423 2930 buc,
444 2862 512 2919 nihil
540 2863 654 2919 omnino
682 2862 773 2919 simile
796 2862 956 2938 respiciens
975 2881 1072 2919 eorum
1093 2880 1165 2939 qnae

152 3006 155 3013 ,
184 2963 237 3021 per
255 2943 416 3023 phantasias
434 2945 572 3016 videram,
598 2945 772 3023 reprehendi
789 2946 985 3043 memetipsum
1013 2956 1043 3001 et
1069 2946 1168 3003 notavi

166 3027 278 3099 xnalde,
300 3030 366 3105 quia
384 3048 420 3087 ex
439 3030 501 3087 aliis
521 3049 592 3107 quac
610 3028 750 3103 videram,
770 3040 869 3109 portas
888 3031 915 3086 ei
935 3040 965 3087 et
973 3050 1070 3087 muros
1080 3029 1167 3087 alnas

185 3132 238 3189 que
258 3112 357 3182 aedes,
379 3133 482 3177 revera
501 3112 713 3174 similitudinem
741 3134 778 3173 ex
796 3115 859 3171 aliis
878 3115 996 3191 capiens
1012 3106 1163 3171 dederam.

184 3195 286 3273 Neque
307 3199 380 3254 enim
400 3195 461 3275 quis
478 3200 574 3275 potest
592 3218 694 3255 notram
713 3196 829 3274 aliquid,
851 3208 881 3254 ct
899 3217 978 3256 cums
988 3198 1081 3254 forma
1090 3199 1167 3258 nulla

183 3300 304 3357 unquam
326 3284 467 3351 extiterit,
489 3284 631 3357 cogitare.
678 3281 752 3338 Nam
771 3292 800 3339 et
819 3282 842 3337 si
861 3282 930 3339 velit
948 3282 1049 3358 aliquis
1067 3292 1166 3340 tauros

184 3383 246 3419 curu
267 3366 358 3440 quinis
377 3366 516 3442 capitibus
535 3384 572 3423 cx
590 3385 640 3422 sua
667 3366 846 3441 cogitatione
862 3367 1010 3443 inimare,
1041 3386 1077 3423 ex
1103 3367 1166 3423 istis

184 3467 254 3524 qnos
274 3446 423 3506 vidit-eum
443 3450 560 3525 singulis
580 3448 730 3527 capitibus,
760 3450 824 3507 illos
843 3450 935 3527 quinis
954 3450 1094 3526 capitibus
1113 3450 1165 3507 dn-

184 3533 236 3606 git.
283 3532 320 3589 Et
339 3542 367 3589 tn
387 3552 458 3609 ergo
478 3552 567 3602 nnnc,
597 3534 620 3589 si
639 3551 709 3599 vere
727 3532 833 3611 aliquid
851 3533 903 3591 tibi
921 3532 1028 3591 videris
1047 3544 1095 3591 tna
1114 3553 1165 3590 co·

184 3616 324 3691 gitatiouc
344 3618 528 3693 perspicere,
549 3626 579 3674 et
597 3637 682 3693 supra
701 3619 801 3676 coelos
817 3618 936 3687 intueri,
965 3638 1022 3675 non
1050 3617 1165 3675 dubium

184 3701 249 3775 quin
270 3718 306 3757 ex
326 3700 367 3755 bis
387 3719 421 3757 ea
441 3700 608 3777 consideres
628 3703 746 3779 quaein
765 3700 1080 3778 terrispositusvides.
1104 3700 1167 3759 Aut

184 3783 207 3838 si
227 3794 308 3858 putas
327 3783 440 3841 facilem
459 3786 546 3842 menti
565 3796 630 3843 tuae
649 3804 798 3846 accessum
817 3804 881 3843 esse
901 3805 988 3863 super
1002 3786 1113 3855 coelos,
1135 3796 1166 3864 et
