2634 4400
579 275 646 341 uun

54 497 58 503 '
121 506 186 549 mnu
213 486 293 545 uenit
319 502 461 563 quaerens
489 504 565 559 euim,
595 497 625 545 et
652 487 720 565 qnia
745 484 815 546 nihil
833 486 876 546 illi
893 485 1104 569 respondimus,

57 632 60 637 ,
121 572 222 637 nescio
241 568 308 649 quid
334 571 362 631 ei
390 571 477 629 visum
505 572 558 643 sit,
587 570 798 632 Faustinianum
824 592 857 633 se
884 592 950 633 esse
977 572 1103 635 dicebat.

122 655 205 731 Quod
225 675 288 714 eum
307 656 335 714 ei
353 674 436 715 nemo
456 654 603 728 erederet,
623 658 696 717 lleus
713 668 745 717 et
763 656 864 719 dolens
882 658 1107 720 comminabatur

120 752 313 822 peremturum
332 742 532 819 semetipsum,
554 752 584 801 et
600 753 668 821 post
684 742 758 802 haec
776 743 1103 806 abiitadmnreversus.

163 825 219 886 64.
267 825 345 885 llaec
365 846 428 887 cum
447 824 576 887 audisset
590 826 707 907 Appion
727 830 821 909 etqui
840 848 903 889 cnm
922 831 985 910 ipso
1010 840 1103 903 erunt,

121 913 255 973 ululatum
274 910 416 971 dederuut
434 910 588 989 grandem,
619 912 766 973 dieentes:
797 913 871 987 Quid
897 914 953 973 hoe
980 915 1104 988 lecistis,

120 1018 173 1059 carr
191 1017 247 1056 uon
266 998 418 1077 recepistis
438 1001 520 1057 eum?
539 996 576 1057 Et
595 1015 658 1057 cuun
676 998 765 1058 vellet
782 997 987 1059 Athenodorus
1006 1000 1105 1061 dicere

20 1069 25 1088 ¹
117 1083 188 1143 milri
206 1084 271 1161 quia
289 1084 349 1163 ipse
368 1092 432 1141 erat
450 1082 646 1143 Faustinianus
665 1095 749 1163 pater
765 1096 841 1157 tuus,
860 1085 974 1165 Appiou
985 1105 1106 1165 praeve-

117 1168 202 1227 niens
221 1187 299 1227 eum:
323 1167 531 1247 Comperimus,
552 1170 654 1249 inquit,
673 1190 691 1229 a
710 1169 830 1249 quodam
851 1174 899 1251 qui
913 1191 976 1231 cum
988 1172 1105 1233 Simone

117 1254 268 1334 prolectas
276 1264 333 1325 est,
350 1254 418 1331 ipso
438 1252 619 1313 Faustiniano
634 1254 812 1333 deprecante
822 1276 899 1329 enm,
919 1277 1019 1336 proeo
1030 1256 1106 1336 quod

119 1338 212 1397 nollet
230 1338 304 1397 lilios
323 1358 390 1397 suos
409 1336 521 1409 uidere,
543 1340 607 1417 quia
626 1338 725 1399 ludaei
744 1352 838 1401 erant.
884 1340 1105 1419 Nosergocum

117 1422 295 1483 audissemus
313 1423 397 1494 haec,
418 1424 545 1483 venimus
563 1442 627 1483 eum
645 1423 693 1484 hic
712 1427 875 1503 requirere,
904 1424 957 1483 sed
975 1428 1041 1505 quin
1059 1428 1104 1487 hic
1185 1495 1191 1507 ,
1256 1484 1261 1493 .

117 1529 176 1569 nun
196 1518 250 1578 est,
271 1518 391 1587 apparet
409 1510 475 1587 qnia
492 1528 562 1569 uere
581 1508 653 1567 dixit
672 1511 720 1588 qui
738 1511 883 1571 nunciaiit
905 1529 967 1570 curn
985 1510 1105 1573 Simone

117 1594 295 1673 proiectum
317 1594 371 1653 hoc
383 1612 456 1670 ergo
474 1596 640 1653 nunciamus
658 1594 752 1655 volsis.
774 1595 839 1672 Ego
857 1606 952 1657 autem
973 1596 1105 1657 Clemens

117 1678 166 1738 nbi
185 1678 313 1739 intellexi
333 1679 480 1739 consilium
501 1676 590 1750 Petri,
611 1682 677 1760 qnia
694 1682 818 1741 voluerit
845 1682 887 1741 eis
914 1673 1105 1761 suspicionem

120 1762 201 1841 dare,
223 1763 297 1843 quod
315 1763 351 1825 ab
370 1765 439 1844 ipsis
458 1762 637 1843 quaerendus
656 1778 736 1826 esset
752 1786 854 1838 senex,
874 1778 905 1827 ut
920 1768 1058 1827 timerent
1076 1779 1106 1831 et

118 1851 266 1928 lugerent,
288 1851 372 1929 coepi
390 1851 488 1911 iuvare
508 1850 658 1911 consilium
678 1852 739 1910 eius
752 1863 783 1911 et
800 1853 846 1911 aie
869 1851 905 1913 ad
925 1850 1103 1933 Appionem:

117 1933 195 1995 Audi
215 1935 361 1995 carissime
379 1933 508 2015 Appion,
529 1956 582 1995 nos
601 1934 678 2015 quod
702 1936 808 1998 bonum
835 1937 989 2011 credimus,
1020 1940 1105 1999 ctiam

68 2087 77 2093 ‚
118 2020 192 2099 patri
211 2018 326 2079 tradere
345 2020 488 2093 santonus,
510 2020 628 2101 quodsi
647 2021 773 2081 uoluerit
785 2025 933 2103 recipere,
954 2023 1007 2084 sed
1015 2026 1106 2105 magis

117 2116 150 2165 ut
167 2104 250 2178 dicis,
273 2104 484 2169 exhorrescens
502 2127 555 2167 nus
573 2108 660 2185 fugit,
681 2128 814 2185 asperum
832 2111 870 2167 sit
887 2110 1013 2167 fortasse
1030 2108 1106 2187 quod

119 2189 196 2262 deo,
217 2207 271 2250 uec
290 2210 342 2250 uos
370 2189 405 2252 de
434 2211 469 2250 eo
497 2211 639 2252 curamus.
699 2192 737 2250 llt
764 2212 827 2252 cnm
852 2193 926 2252 haec
955 2192 1103 2266 dixissem,

117 2277 198 2354 quasi
226 2287 412 2337 exsecrantes
441 2274 640 2337 crudelitatem
667 2295 764 2334 meam
791 2275 953 2349 discedunt,
982 2278 1106 2356 remigia

119 2359 245 2426 Simonis·
262 2371 293 2418 ut
310 2361 439 2439 sequenti
456 2357 503 2420 die
515 2360 716 2438 comperimus,
735 2363 932 2440 insequentes.

159 2443 216 2504 65.
263 2445 378 2504 Interea
397 2465 460 2504 curu
479 2443 580 2504 Petrus
599 2464 637 2503 ex
653 2465 736 2504 more
756 2445 883 2524 quotidie
901 2448 1033 2528 populum
1054 2446 1106 2506 do-

120 2541 202 2592 ceret
220 2540 250 2590 et
269 2530 388 2588 virtutes
406 2529 508 2588 multas
527 2548 561 2588 nc
581 2531 721 2589 sanitates
741 2531 885 2604 efficeret,
906 2530 1106 2611 postdiesde·

119 2635 181 2682 cem
199 2615 278 2674 veuit
297 2611 409 2692 quidam
428 2624 590 2674 nostrorum
608 2615 643 2674 alu
660 2613 820 2676 Antiochia
838 2617 939 2676 missus
965 2638 982 2679 a
1007 2629 1104 2697 patre,

118 2699 293 2778 adnuncians
312 2698 395 2758 nolis
413 2698 556 2777 quemodo
575 2699 690 2778 publice
719 2712 810 2761 staret
835 2713 930 2782 pater,
961 2701 1106 2764 Simonem

118 2784 233 2864 quidem
251 2785 298 2863 qui
316 2784 345 2844 in
363 2785 441 2844 vultu
460 2783 611 2846 videbatur
628 2805 785 2859 accusans,
815 2786 929 2848 Petrum
955 2808 1027 2847 vero
1054 2791 1106 2848 im-

18 2861 28 2874 “
117 2871 225 2934 mensis
243 2866 372 2929 laudibus
390 2871 562 2948 praeferens
582 2882 612 2928 et
631 2874 708 2930 omni
726 2873 832 2951 populo
852 2871 1054 2934 commendans
1071 2894 1105 2936 ae

118 2952 338 3032 desiderabilem
357 2954 480 3026 lacinus,
500 2957 541 3014 ita
559 2966 591 3016 nt
608 2975 708 3015 ornnes
727 2976 765 3015 ex
783 2960 844 3018 eius
862 2961 1106 3020 sermonemutati

118 3037 320 3100 desiderarent
339 3056 402 3096 eum
421 3038 534 3110 videre,
554 3042 657 3100 multos
677 3052 772 3100 autem
782 3040 1016 3103 tantominPetri
1026 3062 1107 3102 amo·

116 3143 178 3200 rem
195 3123 322 3194 venisse,
343 3132 373 3180 ut
391 3123 535 3184 saevirent
559 3127 587 3184 in
605 3137 717 3204 patrem
736 3129 817 3206 quasi
835 3128 865 3200 iu
883 3127 1046 3199 Simonem,
1076 3139 1106 3200 et

117 3229 216 3279 manus
235 3208 263 3265 ei
282 3206 390 3266 vellent
409 3208 541 3282 iniicere,
562 3212 640 3270 velut
658 3213 705 3289 qui
724 3223 832 3272 tautum
853 3214 920 3272 mali
948 3213 1106 3272 commisis-

118 3305 163 3362 set
180 3289 353 3364 inPetrunn3
373 3294 598 3374 propterquod,
619 3297 731 3368 aiebat,
759 3295 934 3378 adpropero,
964 3318 1000 3358 ue
1027 3299 1105 3361 forte

117 3380 300 3459 perimaturs
316 3377 346 3436 in
363 3378 465 3438 timore
494 3381 569 3440 euim
596 3401 699 3458 magno
725 3383 836 3459 positus
863 3382 1004 3444 velociter
1030 3383 1106 3445 misit

117 3483 175 3535 me,
195 3474 227 3522 ut
244 3463 306 3521 sine
326 3481 406 3522 mora
424 3465 535 3538 venias,
555 3486 614 3545 quo
631 3468 775 3526 viventem
786 3485 848 3525 euru
860 3486 1003 3545 occupes,
1022 3467 1105 3526 simul

118 3560 150 3623 et
168 3549 311 3611 crescenti
331 3566 402 3626 erga
421 3549 461 3611 tui
480 3548 653 3612 desiderium
678 3552 787 3610 civitati
814 3563 990 3631 opportunus
1016 3570 1105 3628 appa·

117 3653 196 3696 reas.
242 3632 349 3695 Aiebat
367 3633 452 3694 etiam
479 3633 620 3714 quomodo
648 3656 716 3694 mox
740 3646 772 3694 ut
797 3636 897 3695 urbem
922 3633 1105 3694 Antiochiam

120 3729 205 3797 pater
225 3719 372 3796 ingressus
390 3727 479 3790 esset,
502 3721 581 3798 quasi
601 3718 637 3777 ad
656 3719 803 3780 Simonem
821 3721 912 3778 omnis
929 3719 1051 3798 populus
1068 3716 1106 3778 ad

121 3823 185 3866 eunt
204 3804 346 3866 collectus
364 3814 419 3876 est,
439 3814 471 3864 et
488 3806 586 3882 coepit
606 3804 734 3865 omuibus
758 3805 891 3864 confiteri
915 3802 1031 3882 publice
1056 3821 1105 3861 se-

108 3887 245 3972 eundum
265 3907 300 3966 en
319 3907 391 3969 quac
409 3889 509 3970 populi
526 3891 701 3951 restauratio
719 3888 882 3968 flagitahut3
902 3907 968 3949 nam
984 3887 1104 3968 quicun-
