2634 4400
686 225 732 296 (32

219 441 294 498 omni
313 449 393 518 parte
412 438 448 498 ab
466 441 606 517 scriptura
625 441 749 498 nnonitdr
774 441 829 498 ista
857 442 1016 511 sententia,
1045 441 1111 518 qnia
1139 431 1205 521 ipse

219 526 266 603 qui
285 523 415 583 mundum
436 525 557 595 creavit,
578 539 663 583 verus
681 536 712 584 et
728 525 805 584 sedus
823 534 868 583 est
885 524 968 584 deus.
1182 599 1185 604 ι

260 608 317 668 44.
365 608 448 682 Quod
475 620 505 668 et
531 610 555 668 si
574 611 630 668 sint
646 604 708 681 aiii,
727 608 910 681 ot'diximuo,
930 612 977 688 qui
995 609 1130 669 dicuntur
1148 609 1200 682 dii,

219 694 270 763 sub
288 705 431 774 potestate
450 701 516 754 sunt
534 693 701 754 ludaeorum
721 694 780 766 dei,
810 696 876 772 qnia
902 696 942 753 ito
969 695 1041 753 dixit
1058 697 1203 774 scriptura

218 777 349 838 ludaeis:
366 782 393 852 ¹)
427 778 563 840 Dominus
582 779 652 838 deus
672 790 782 850 noster,
802 779 849 837 hic
868 789 913 838 est
931 779 1003 838 deos
1020 778 1151 853 deornm,
1171 793 1203 839 et

221 863 350 924 dominus
369 863 557 923 dominorum.
605 864 686 922 Hunc
712 866 799 923 etiam
825 864 915 922 solum
934 863 1084 923 colondum
1104 864 1203 923 uone't

218 951 370 1027 scriptura,
391 950 506 1007 dicenst
522 951 550 1021 ²)
570 946 729 1026 ,Dominum
749 941 832 1008 deam
851 959 927 1007 tuum
945 949 1090 1030 adorabis,
1112 961 1141 1008 et
1159 951 1203 1008 iiii

217 1033 272 1092 soli
282 1036 403 1092 servies.
433 1022 486 1092 Ett
502 1035 531 1105 ³)
555 1029 631 1091 Audi
642 1033 743 1105 Israel,
757 1031 886 1094 dominus
896 1032 966 1093 deus
976 1044 1039 1092 tuus
1049 1033 1120 1092 deus
1130 1044 1202 1092 unus

218 1128 274 1177 est.
322 1116 452 1196 Denique
471 1128 502 1176 et
518 1119 609 1176 sancti
624 1119 723 1196 spiritu
735 1116 782 1178 dei
799 1117 915 1196 repleti,
936 1129 967 1176 et
984 1119 1071 1196 guttis
1088 1120 1202 1177 miseri⁴

216 1201 337 1262 cordiae
357 1203 419 1262 eius
438 1203 553 1284 irrorati
572 1202 782 1274 eseia-abant,
803 1202 994 1274 dicentes14)
1029 1203 1083 1276 Qui
1101 1204 1202 1262 similis

215 1287 269 1346 tibi
288 1288 316 1344 in
336 1284 389 1346 diis
408 1286 533 1359 domine,
563 1289 625 1366 quis
652 1279 752 1347 similis
777 1285 848 1347 titi?
877 1287 915 1346 Et
936 1280 1099 1360 iteram25)
1133 1289 1202 1361 Quis

220 1370 290 1431 deos
308 1383 427 1450 praeter
444 1371 597 1444 dominum,
618 1382 648 1432 et
666 1374 729 1452 quis
746 1372 817 1431 deus
835 1383 954 1450 praeter
979 1371 1122 1432 dominnm
1150 1393 1201 1430 no-·

219 1459 326 1516 strum?
346 1457 444 1536 ltaque
462 1457 580 1537 Moyses
598 1457 808 1537 ubi-prodeere
827 1458 960 1536 popoiom
986 1457 1073 1527 vidit,
1101 1458 1203 1535 panta*

218 1535 267 1600 tim
287 1559 338 1602 eos
357 1542 394 1601 ad
412 1533 847 1624 intelligentiam'monarchiam
876 1553 907 1601 et
932 1541 1017 1605 iideni
1044 1540 1100 1602 dei·
1119 1544 1202 1600 onias

218 1625 349 1699 initiavit,
369 1627 689 1705 utinconsequentibns
706 1627 792 1686 dicit:
808 1627 838 1699 θ)
860 1625 983 1686 Nomina
993 1626 1111 1686 deorum
1130 1627 1202 1685 ιιΙὶοὃ
1301 1611 1302 1645 d

219 1732 280 1792 rum
299 1732 355 1772 noo
375 1712 622 1783 commemorabis,
643 1711 812 1772 recordatos
829 1710 1000 1783 sinedobio,
1020 1713 1097 1792 quali
1106 1730 1203 1791 poena

220 1795 367 1856 damnatos
385 1798 423 1855 sit
440 1815 571 1875 serpens,
593 1796 639 1876 qui
658 1799 765 1876 primus
783 1798 979 1856 nominaverat
1001 1795 1083 1879 deos.
1129 1797 1202 1856 Tor-

218 1901 279 1940 ram
298 1880 421 1959 denique
448 1880 603 1941 comedere
631 1881 854 1953 condemnator,
883 1891 915 1940 et
932 1883 982 1940 tali
1001 1881 1067 1940 cibo
1097 1880 1203 1958 dignus
1301 1924 1302 1929 η

219 1964 362 2024 iudicatur
380 1965 416 2024 ob
435 1964 480 2038 id,
509 1964 597 2045 quod.
611 1968 730 2044 primum
749 1968 871 2025 omnium
890 1966 1111 2045 appellationum
1129 1966 1202 2024 deoi
1301 1964 1302 1979 ¹

105 2041 111 2054 ⁹
219 2071 280 2109 rum
299 2047 457 2110 introduxit
474 2052 502 2109 in
521 2049 664 2109 nundum.
710 2043 796 2123 Quod
811 2053 835 2110 si
853 2051 884 2110 et
900 2062 931 2109 tu
949 2051 1051 2110 multos
1069 2050 1141 2110 deos
1158 2052 1201 2109 vis

219 2132 417 2208 introducere,
438 2135 503 2196 vide
522 2155 558 2195 ne
577 2136 683 2195 exitum
702 2137 846 2217 serpentis
864 2135 983 2194 similem
1001 2135 1143 2203 sortiaris.

260 2219 316 2281 45.
361 2221 467 2289 ,Certus
485 2232 578 2281 autem
598 2232 674 2293 esto,
694 2220 770 2300 qood
787 2242 840 2281 nos
858 2221 942 2296 huius
957 2222 1019 2280 ansi
1037 2222 1201 2280 sociosnon

218 2306 349 2379 habebis,
369 2326 424 2367 nec
443 2307 538 2387 decipi
555 2326 608 2366 nos
626 2308 768 2386 patiemur
784 2306 835 2365 abs
853 2310 895 2365 te.
919 2304 1022 2384 Neque
1040 2307 1116 2365 enim
1134 2324 1202 2385 pros
1227 2321 1233 2329 ·
1300 2351 1301 2362 ,

213 2386 296 2451 'derit
313 2392 397 2451 nobis
415 2392 685 2464 adexcusatiooem
703 2394 731 2450 in
750 2389 870 2474 iudicio,
890 2392 914 2449 si
933 2388 1059 2449 dicamus
1077 2390 1154 2469 quod
1171 2402 1201 2448 tu
1300 2453 1301 2456 Ἴ

215 2476 373 2554 deceperis
392 2497 456 2548 uos,
488 2479 554 2555 qnia
572 2496 627 2536 nee
645 2479 764 2555 primam
783 2477 929 2535 mulierem
948 2489 1090 2535 excusare
1109 2476 1203 2552 potuit

219 2561 293 2620 maie
312 2560 470 2621 credidisse
489 2563 636 2639 serpenti,
665 2560 719 2620 sed
735 2571 829 2619 morte
856 2561 922 2638 qnia
938 2560 1012 2619 maie
1030 2558 1201 2629 crediderit,
1299 2601 1300 2610 ι

222 2643 410 2705 condemnata
429 2657 483 2704 est.
530 2644 590 2703 Hac
610 2664 682 2723 ergo
701 2645 738 2706 de
757 2664 858 2704 caussa
876 2655 906 2704 et
914 2644 1032 2723 Moyses
1053 2646 1135 2710 unios
1155 2642 1203 2703 dei

221 2728 305 2788 iidem
324 2730 429 2809 populo
449 2728 662 2801 commendans,
679 2732 734 2789 aits
750 2731 779 2802 ⁷)
812 2728 940 2789 Observa
957 2726 1008 2787 tibi
1027 2723 1136 2807 ipsine
1156 2747 1202 2787 se-

220 2813 334 2875 ducaris
352 2834 369 2872 a
388 2812 501 2872 domino
520 2814 575 2873 deo
593 2825 656 2873 tuo.
701 2813 776 2874 Vide
795 2815 860 2892 quia
878 2813 979 2873 eodem
997 2813 1087 2875 verbo
1100 2814 1200 2884 utitur,

221 2918 276 2977 quo
296 2909 326 2957 et
344 2900 433 2976 prinna
451 2900 552 2958 mulier
570 2901 598 2957 in
617 2900 804 2959 excusatione
830 2898 975 2970 utebatur,
1003 2897 1150 2957 seductam
1169 2916 1203 2956 se

222 2981 331 3053 dicens,
352 2982 404 3043 sed
423 2984 490 3042 nihii
509 2984 628 3063 profuit.
676 2983 771 3062 Super
788 2984 883 3043 omnia
900 2994 995 3042 autem
1022 2984 1134 3048 etiamsi
1152 3000 1203 3041 ve*

221 3088 269 3127 rus
287 3068 389 3148 aliquis
406 3081 540 3148 surgeret
557 3069 709 3148 propheta,
730 3070 776 3148 qni
794 3070 878 3147 signa
895 3076 926 3127 et
934 3067 1066 3146 prodigia
1075 3068 1201 3137 faceret,

220 3153 342 3213 suadere
360 3166 453 3216 autem
464 3156 544 3225 velit,
564 3164 595 3213 ut
613 3154 774 3213 coleremus
792 3151 864 3213 deos
881 3152 954 3212 aiios
972 3149 1203 3231 praeteriodae-

221 3257 300 3298 orum
320 3237 414 3309 deum,
440 3260 579 3318 nunquam
599 3241 626 3299 ei
645 3237 768 3299 credere
786 3256 944 3317 possemus.
991 3236 1041 3296 Sic
1060 3237 1135 3295 enim
1149 3254 1203 3294 nos

222 3322 321 3381 docuit
337 3319 385 3383 lea
403 3323 513 3395 divina,
534 3334 678 3397 secretum
696 3341 857 3383 sermonem
875 3324 973 3403 purius
991 3320 1202 3383 contraditione
1297 3325 1298 3336 ¹

222 3534 434 3549 m

261 3646 285 3708 ¹)
304 3648 380 3695 oeut.
399 3650 439 3709 ιι,
459 3638 498 3695 ιι.
537 3633 563 3707 2')
581 3648 657 3695 oeus.
676 3638 701 3707 s,
720 3650 759 3695 aa.
795 3638 837 3706 nu,
856 3642 896 3693 nox

260 3711 286 3777 ²)
304 3718 380 3763 Deutt
398 3712 423 3776 d,
442 3718 465 3763 4.
502 3710 700 3776 ⁴)Pra1m.85,
719 3718 742 3762 8.
777 3718 819 3773 10,
838 3718 879 3761 ao.

259 3783 285 3845 ὅ)
303 3785 396 3832 ΡιιιΙιιιι
414 3777 456 3846 it,
476 3787 515 3832 32.
552 3781 579 3845 ⁸)
596 3786 645 3832 tos.
664 3786 706 3844 23,
724 3786 739 3829 'i
757 3784 784 3831 in
801 3783 882 3831 LXXu

262 3848 287 3912 ¹)
305 3853 381 3901 Dent.
399 3853 424 3912 8,
444 3855 483 3900 tt.
