2634 4400
666 260 736 323 ffl

591 356 805 367 ————-—-

203 478 298 525 autem
316 467 460 537 suntlsine
480 464 565 525 dubio
584 477 614 525 et
637 465 786 545 coniuges.
833 455 871 525 llt
897 467 972 527 sicut
996 484 1053 525 non
1079 474 1188 545 potest,

203 552 305 631 inquit,
326 550 413 611 diuidi
432 571 483 611 aer
501 569 594 631 neque
613 551 752 632 splendor
769 552 850 624 solis,
870 552 910 610 itu
928 552 1189 631 neereliqnaquae

205 638 393 697 communiter
411 638 440 695 in
459 638 513 697 hoe
532 636 636 719 mundo
656 636 722 697 data
739 645 806 696 sunt
823 638 952 697 omnibns
970 636 1187 709 adbabeudnm‚

205 721 291 781 dividi
311 722 435 795 debere,
456 722 508 782 sod
534 720 667 782 habenda
685 742 750 783 esse
769 725 940 782 communia.
988 723 1067 782 llaec
1094 732 1190 781 antem

205 806 304 867 dicere
323 809 411 881 volni,
433 810 564 887 qnoniam
584 808 697 889 quidem
716 810 800 888 cupio
820 826 864 869 me
883 810 1023 874 inclinare
1050 806 1087 867 ed
1113 808 1190 867 bene

205 892 358 971 agendum,
380 904 410 953 et
428 913 484 952 non
502 912 615 973 possum
635 895 710 954 bene
734 910 840 973 agere,
869 894 924 953 nisi
951 897 1030 974 prins
1057 890 1189 952 didicero

205 977 271 1057 quid
290 981 327 1037 sit
343 978 464 1053 bouum3
486 979 602 1057 quodsi
622 981 787 1059 intelligere
810 988 945 1059 potuero,
967 992 1005 1039 ex
1021 982 1084 1059 ipso
1102 981 1190 1038 etiam
1216 1012 1221 1026 ι

205 1061 272 1144 quid
290 1066 327 1124 sit
344 1066 458 1137 malum,
478 1065 534 1123 boc
553 1072 597 1123 est
616 1065 681 1123 huic
701 1067 885 1137 contrarium,
906 1065 1064 1125 advertam.

245 1148 279 1208 6.
325 1150 433 1209 Veram
453 1149 580 1209 adhaec
600 1150 753 1230 quaedini‚
774 1169 858 1209 unum
878 1170 895 1210 e
912 1151 995 1211 vobis
1008 1148 1189 1230 respondero

205 1234 284 1306 vota
305 1254 362 1293 non
382 1234 512 1309 Petrum3
533 1253 590 1294 uon
610 1237 685 1295 enim
704 1236 819 1315 dignum
838 1246 901 1308 est,
931 1237 966 1295 ab
984 1238 1034 1295 illo
1052 1236 1140 1295 verba
1158 1245 1191 1295 et

204 1318 364 1380 doctrinam
384 1340 446 1381 cum
466 1321 682 1401 quaestionibus
701 1339 824 1400 capere,
854 1321 906 1381 sed
923 1323 974 1381 ille
992 1324 1016 1382 si
1035 1320 1102 1401 qnid
1119 1340 1191 1400 pro-

203 1407 395 1478 nunciaverit,
415 1407 471 1465 boc
490 1407 597 1486 absque
615 1408 710 1487 aliqua
728 1409 937 1468 retractatione
960 1418 1104 1467 teneatur.
1153 1406 1192 1464 llt

203 1484 271 1551 ideo
291 1484 351 1571 ipse
370 1492 453 1551 nobis
472 1504 604 1552 servetur
622 1494 703 1573 quasi
722 1492 846 1564 arbiter,
866 1504 898 1551 ut
915 1492 1006 1552 sicubi
1034 1491 1190 1571 disputatio

204 1588 304 1636 nostra
323 1578 429 1637 exitum
448 1598 504 1637 non
531 1579 685 1649 invenerit,
713 1579 776 1659 ipse
804 1576 880 1659 qnod
906 1579 959 1637 sibi
978 1580 1074 1638 ‘visum
1102 1579 1192 1636 luerit

203 1664 408 1743 pronuncians,
429 1662 616 1723 indubitatum
634 1664 719 1723 linem
737 1665 823 1723 rebus
851 1663 941 1723 dubiis
968 1666 1104 1742 imponat.
1154 1662 1193 1721 Et

203 1768 277 1807 nnnc
297 1768 369 1827 ergo
388 1768 502 1827 possem
521 1750 583 1808 sola
613 1750 675 1809 eius
702 1750 845 1809 sententia
872 1760 1023 1808 contentus
1051 1747 1188 1816 credere,

204 1833 297 1912 siquid
316 1837 344 1894 ei
361 1834 518 1906 videretur,
540 1834 616 1914 quod
635 1842 665 1894 et
691 1834 728 1893 ad
753 1836 879 1894 ultimum
906 1836 1024 1907 laciam3
1051 1834 1119 1892 volo
1145 1844 1192 1891 ta·

204 1932 268 1977 meu
287 1920 365 1997 prius
383 1918 496 1990 videre,
517 1921 541 1978 si
561 1930 605 1979 est
621 1920 760 1999 possibile
778 1920 949 1997 disputando
968 1920 1098 1978 invenire
1113 1917 1192 1998 qnod

204 2005 361 2083 quaeritur.
418 2004 518 2063 Placet
545 2024 616 2082 ergo
644 2016 676 2063 ut
702 2005 836 2065 Clemens
863 2008 970 2085 primns
998 2006 1130 2081 incipiat,
1160 2015 1193 2062 et

205 2088 349 2162 ostendat,
370 2090 394 2148 si
413 2100 457 2149 est
475 2088 580 2169 aliquid
598 2092 626 2149 in
646 2091 803 2150 substantia
826 2100 857 2150 ct
874 2092 985 2149 actibus
1011 2090 1116 2149 bonnm
1135 2090 1191 2149 -vel

204 2176 316 2236 malum.
702 2217 708 2229 ,

248 2263 278 2322 7.
323 2260 370 2321 Ad
389 2264 463 2322 baec
481 2282 537 2340 ego
557 2263 709 2343 respondi:
731 2253 873 2338 Quoniam
889 2262 1002 2343 quidem
1029 2283 1047 2322 a
1072 2280 1119 2322 me
1144 2264 1191 2324 vis

205 2347 331 2421 discere,
352 2349 377 2407 'si
396 2360 441 2408 est
459 2347 565 2427 aliquid
584 2359 688 2408 natura
706 2361 755 2408 aut
774 2361 840 2410 actu
866 2349 970 2409 bonnm
984 2350 1043 2407 'ael
1072 2349 1188 2418 malum,
1239 2367 1243 2373 ·

204 2453 239 2493 au
259 2436 353 2513 potius
371 2453 424 2493 usu
441 2435 605 2513 praeventis
623 2434 784 2494 bominibus
806 2436 882 2494 bona
909 2433 1048 2514 quaedam
1075 2444 1107 2492 et
1132 2435 1192 2492 alia

203 2519 337 2580 videatur
352 2521 437 2591 mala,
458 2539 511 2598 pro
531 2537 566 2578 eo
587 2520 663 2599 quod
681 2520 850 2580 divisionem
867 2522 945 2580 inter
962 2537 995 2580 se
1021 2536 1117 2578 rernm
1144 2520 1191 2578 le-

158 2663 165 2676 ,
205 2624 274 2664 cere
294 2607 493 2676 communium,
515 2621 586 2683 qnae
601 2605 760 2677 deberent,
779 2617 811 2665 nt
829 2607 881 2676 ais,
901 2607 943 2664 ita
970 2625 1035 2664 csse
1063 2623 1191 2663 eommo-

203 2693 262 2762 nia,
282 2701 314 2748 nt
331 2709 382 2748 aer
401 2701 430 2748 et
449 2689 584 2768 splendor
602 2691 691 2764 solis3
709 2701 778 2770 puto
802 2690 878 2770 qnod
904 2705 972 2749 non*
989 2689 1108 2749 debeam
1134 2690 1191 2747 tibi

204 2771 317 2834 aliunde
337 2773 518 2833 adsertiones
537 2773 688 2848 adbibere,
708 2777 763 2851 nisi
782 2795 819 2834 ex
838 2777 880 2834 bis
899 2775 1058 2854 disciplinis
1088 2775 1191 2853 quibus

203 2862 266 2938 ipse
294 2861 383 2918 uteris
411 2869 441 2917 et
467 2877 535 2938 quas
562 2860 625 2937 ipse
644 2861 807 2932 confirmas,
836 2872 867 2919 nt
884 2859 1043 2920 indubitata
1060 2861 1113 2918 tibi
1132 2862 1192 2918 sint

204 2961 277 3024 qnae
297 2944 439 3004 dicuntur.
487 2943 614 3004 Omnium
634 2946 840 3024 elementorqm
859 2953 890 3006 et
915 2947 1061 3004 stellarum
1089 2955 1191 3005 certos

203 3031 309 3111 ponitis
328 3031 411 3103 lines,
434 3049 558 3110 quasque
581 3032 679 3091 stellas
706 3031 801 3090 dicitis
828 3033 857 3090 in
884 3030 1051 3110 quibusdam
1078 3031 1190 3109 absque

202 3137 279 3178 noxa
297 3119 377 3176 coire
396 3119 471 3176 siout
488 3119 517 3175 iu
537 3119 692 3196 coniugiis,
722 3119 751 3175 in
771 3117 834 3176 aliis
860 3135 932 3174 vero
959 3117 1046 3175 noxie
1069 3117 1190 3174 misceri

204 3205 277 3262 siout
295 3205 323 3260 in
342 3201 500 3262 adulteriis.
547 3201 584 3260 llt
603 3202 697 3261 dicitis
717 3201 855 3281 quaedam
875 3203 1023 3280 generalia
1042 3219 1107 3260 esse
1127 3221 1191 3260 om-

204 3291 290 3360 nium,
312 3286 450 3367 quaedam
468 3307 539 3346 vcro
563 3309 619 3347 uon
648 3288 771 3346 omnium
798 3306 896 3366 nequo·
919 3287 1079 3360 generalia.
1127 3285 1191 3346 Sed

204 3391 240 3430 ne
258 3373 371 3451 prolixa
389 3372 543 3451 disputatio
563 3373 622 3442 liat,
642 3373 772 3430 breviter
791 3384 821 3432 et
839 3372 875 3432 de
893 3391 926 3430 re
945 3371 1049 3431 dicam.
1096 3371 1190 3431 'l'erra

132 3515 135 3527 ,
204 3459 276 3536 quae
296 3455 377 3515 arida
396 3469 451 3528 est,
473 3458 608 3535 coningio
628 3465 658 3516 et
680 3456 856 3517 admixtione
883 3456 995 3534 indiget
1021 3475 1127 3536 aquae,
1139 3494 1144 3499 ·
1157 3466 1190 3516 ut

203 3542 294 3620 possit
312 3559 454 3620 generare
473 3543 594 3614 fruetus,
615 3544 679 3601 sine
697 3543 797 3621 quibus
815 3545 871 3602 vita
887 3541 1113 3602 bominibusnon
1125 3553 1186 3614 est3

204 3640 248 3688 est
267 3645 338 3706 crgo
357 3627 430 3685 haec
448 3627 577 3704 legitima
597 3629 773 3688 coniunctio.
819 3628 946 3688 Eoontra
964 3628 987 3685 si
1006 3630 1189 3705 autpruinae

203 3715 294 3791 frigus
319 3724 418 3772 terrae
444 3713 599 3772 misceatur
625 3723 674 3772 ant
698 3713 781 3771 calor
807 3716 903 3792 aquis,
932 3712 1092 3772 huiusmodi
1116 3733 1190 3773 con·

202 3799 311 3856 iunctio
331 3799 522 3876 corruptelam
540 3799 627 3870 faoit3
649 3808 679 3857 et
695 3798 751 3857 boc
770 3800 798 3855 in
817 3799 920 3857 talibus
938 3797 1107 3856 adulterium
1127 3809 1185 3858 est.

246 3879 279 3940 Β.
324 3882 362 3942 llt
379 3891 463 3962 pater
479 3882 642 3963 respondit:
665 3882 723 3946 set
743 3884 818 3942 sicut
835 3883 1041 3943 elementorum
1059 3885 1189 3945 velstel-
