2634 4400
672 282 742 345 alt

218 494 262 553 nis
280 495 377 551 iacent
395 492 502 570 pontici
522 489 626 549 littoris
646 501 760 567 gentes,
781 500 812 549 et
828 490 857 549 in
870 490 1000 571 Chrysea
1009 492 1112 565 insula,
1133 513 1203 551 nun·

219 598 301 658 qnam
320 578 463 637 invenitur
480 578 619 655 trapezita
638 594 693 635 nee
712 577 860 655 sculptor,
880 587 928 634 aut
945 579 1062 655 pictor,
1091 585 1140 636 aut
1157 599 1204 637 ar·

219 665 372 735 ebiteetns,
393 671 441 721 aut
459 666 640 739 geometres,
671 672 719 721 aut
737 661 904 739 tragoedus,
933 673 982 721 aut
999 674 1101 742 poeta3
1132 684 1202 743 ergo

219 749 318 808 delicit
336 748 410 829 apud
430 767 480 806 eos
498 746 636 805 Mercurii
654 747 836 825 Venerisque
857 749 1051 807 constellatio.

261 832 319 894 25.
366 832 505 892 Ex'omni
524 832 594 891 orbe
614 843 753 891 terrarum
772 831 850 891 Medi
877 833 1071 892 tantummodo
1098 854 1204 895 summa

219 920 403 979 observantia
429 918 521 977 adhuc
550 920 693 996 spirantes
721 918 850 976 homines
878 917 995 977 canibus
1023 919 1203 980 devorandos

218 1005 367 1077 abiiciunt,
384 1008 409 1077 ¹)
432 1014 462 1063 et
480 1023 535 1061 non
555 1004 591 1061 ob
610 1004 666 1061 hoe
685 1002 805 1062 Martem
825 1022 888 1062 eum
907 1003 988 1062 Luna
1005 1024 1059 1084 per
1077 1005 1203 1065 diurnam

159 1116 164 1172 5
219 1093 347 1171 genesim
366 1092 394 1147 in
415 1089 526 1147 Cancro
546 1090 656 1167 positos
675 1088 790 1147 habent.
838 1088 899 1146 lndi
919 1102 1051 1149 mortuos
1075 1112 1143 1149 suos
1161 1093 1204 1151 in-

219 1174 355 1246 cendunt,
377 1192 439 1232 eum
459 1173 559 1250 quibus
579 1183 609 1232 et
626 1193 733 1233 uxores
753 1174 952 1233 defunctorum
970 1185 1074 1254 sponte
1101 1196 1133 1235 se
1160 1180 1204 1235 ol·

160 1273 164 1286 ¹
218 1262 347 1321 ferentes
367 1269 535 1319 exuruntur.
584 1258 643 1318 Sed
663 1280 719 1317 non
738 1259 805 1318 iden
825 1280 923 1318 omnes
950 1280 1023 1339 quae
1050 1264 1132 1321 rivae
1160 1265 1204 1322 in-

220 1345 379 1405 cenduntur
397 1344 529 1403 Indorum
550 1346 695 1415 mulieres,
715 1347 745 1402 in
764 1356 903 1405 nocturna
922 1348 1022 1423 genesi
1047 1348 1098 1405 sub
1125 1358 1205 1406 terra

219 1432 325 1490 habent
344 1431 433 1489 solem
453 1449 515 1488 eum
536 1430 627 1489 lllarte
646 1432 675 1487 in
693 1428 821 1509 portibus
839 1430 951 1489 Martis.
999 1431 1203 1491 Germanorum

218 1518 331 1599 plurimi
351 1517 454 1595 laqueo
472 1520 559 1575 vitam
579 1516 689 1585 liniunt,
711 1536 765 1574 nee
784 1515 1129 1576 idcireo'omnesLunam
1141 1538 1203 1577 enm

218 1602 307 1674 hora,
330 1600 453 1660 Saturno
474 1612 503 1660 et
529 1602 621 1659 Marte
651 1602 869 1660 cirenmeinetas
896 1602 1013 1671 habent.
1060 1602 1204 1664 Sed'non

219 1687 343 1747 inomni
362 1698 461 1764 gente,
484 1698 513 1745 et
532 1689 559 1744 in
579 1686 654 1744 omni
674 1685 720 1744 die
739 1702 795 1765 per
811 1706 922 1746 omnem
941 1687 1136 1748 diversitatem
1152 1708 1205 1767 ge-

218 1774 297 1832 nesis
315 1783 471 1831 nascuntur
489 1774 637 1830 homines?
660 1771 704 1829 llx
723 1772 823 1851 quibus
842 1772 971 1831 omnibus
990 1784 1119 1852 apparet,
1141 1777 1206 1853 quia

219 1869 311 1917 metus
338 1858 432 1935 legum
460 1858 494 1914 in
513 1875 681 1935 unaquaque
709 1860 830 1935 regione
854 1856 1024 1929 dominatur,
1046 1860 1205 1937 etlarbitrii

219 1944 339 2002 libertas
358 1961 431 2019 qnae
450 1954 495 2001 est
512 1941 673 2001 hominihus
691 1944 776 2001 insita
794 1944 1004 2022 perspiritum,
1025 1944 1206 2023 obtemperat

219 2028 344 2105 legibus,
365 2046 419 2085 nee
439 2046 549 2104 eogere
567 2037 665 2105 potest
686 2029 804 2104 genesis
830 2040 879 2087 aut
906 2028 995 2087 Seres
1022 2030 1205 2089 homicidium
1303 2097 1304 2120 ,

221 2114 411 2184 committere,
433 2122 481 2171 aut
500 2112 676 2189 Bragmanos
695 2113 827 2184 carnibus
844 2115 936 2185 vesei,
965 2124 1014 2173 aut
1031 2113 1134 2175 Persas
1162 2118 1205 2176 itt·
1303 2135 1304 2180 ζ

221 2211 302 2260 cesta
319 2201 422 2269 vitare,
443 2200 487 2258 vel
507 2198 593 2258 lndos
612 2219 668 2258 non
689 2201 782 2270 exuri,
803 2211 853 2258 aut
869 2199 970 2263 Medos
988 2221 1045 2258 non
1060 2202 1205 2262 aeanibus

212 2286 366 2355 devorari,
388 2283 508 2344 Parthos
528 2306 583 2344 uon
606 2284 714 2344 habere
733 2286 831 2362 plures
849 2306 966 2357 uxores,
995 2298 1044 2345 aut
1070 2289 1205 2348 mulieres

216 2371 446 2450 Mesopotamiae
466 2391 522 2432 non
541 2389 659 2430 servare
678 2369 856 2448 pudicitiam,
888 2371 1017 2432 Graecos
1043 2393 1102 2430 non
1120 2392 1205 2432 exer-

221 2458 282 2517 eeri
301 2457 463 2534 palaestris,
493 2456 637 2516 Gallorum
660 2475 766 2533 pueros
793 2477 850 2514 non
878 2459 938 2535 pati
966 2457 1127 2528 muliebria,
1156 2460 1203 2518 vel

220 2552 323 2620 gentes
341 2541 478 2600 barbaras
498 2541 674 2600 Graecorum
693 2539 794 2600 studiis
812 2543 932 2612 institui,
953 2541 1005 2602 sed
1021 2554 1052 2600 ut
1071 2542 1203 2617 diximus,

222 2646 409 2706 unaquaeque
428 2646 500 2704 gens
527 2629 584 2686 suis
603 2627 715 2704 legibus
734 2628 822 2685 utitur
839 2647 892 2706 pro
912 2628 1051 2687 libertatis
1069 2628 1203 2703 arbitrio,

220 2723 251 2771 et
268 2711 388 2770 decreta
407 2713 523 2789 genesis
541 2713 635 2789 legum
655 2713 812 2770 severitate
833 2712 964 2792 depellit.

263 2794 320 2855 26.
370 2799 399 2869 2)
412 2795 471 2854 Sed
490 2795 569 2856 dicet
585 2798 687 2874 aliquis
705 2816 805 2855 eorum
824 2800 918 2876 quiin
937 2791 1086 2877 disciplina
1125 2808 1129 2818 '

221 2885 260 2942 sis
279 2880 383 2940 eruditi
401 2893 477 2953 sunt,
498 2883 627 2959 genesim
646 2883 675 2939 in
694 2893 805 2960 septem
825 2894 922 2961 partes
940 2884 1063 2956 dirimi,

221 2969 335 3028 elimata
354 2968 509 3047 appellunt,
532 2963 670 3026 dominari
690 2987 760 3028 vero
779 2969 932 3048 unicuique
951 2969 1057 3030 elimati
1093 3029 1098 3043 ἒ

220 3065 330 3134 septem
349 3054 451 3124 stellis,
473 3063 503 3112 et
521 3055 591 3112 istas
610 3073 680 3132 quas
699 3056 880 3133 exposuimus
900 3055 1029 3125 diversas
1046 3055 1056 3114 l

220 3141 256 3198 ab
284 3139 443 3198 hominihus
470 3140 591 3217 positas,
621 3137 674 3198 sed
699 3137 735 3198 ab
762 3141 825 3212 istis
850 3141 1026 3220 principibus

220 3223 440 3303 uniusou'iusque
459 3224 649 3296 voluntatem
677 3225 780 3284 etheo
800 3225 873 3304 quod
900 3226 1005 3286 stellae

218 3311 315 3388 legem
333 3311 368 3368 ab
388 3308 546 3368 homiuibus
565 3309 757 3368 observatam.
802 3310 849 3369 Ad
866 3312 939 3370 haee

219 3394 322 3467 bimus,
343 3393 418 3474 quod
435 3394 527 3472 primo
546 3391 659 3471 quidem
678 3415 735 3454 nou
754 3406 799 3454 est
815 3396 845 3456 iu
863 3408 946 3476 septe

219 3554 433 3569 Μ

257 3651 282 3714 ¹)
301 3651 340 3698 Et
357 3663 419 3697 non
436 3671 471 3682 -
488 3645 605 3696 habent
623 3652 701 3708 atque
719 3653 765 3701 illa
783 3669 849 3712 qnae
866 3656 893 3703 in
903 3667 930 3703 re

218 3721 314 3782 logiam
332 3718 452 3778 spectant
470 3715 554 3761 omnia
574 3717 625 3762 sed
643 3732 704 3767 non
723 3748 756 3758 -
778 3725 892 3775 Martis
912 3739 926 3772 e

219 3788 332 3837 lllartie
350 3801 402 3834 non
420 3785 542 3844 leguntur
559 3782 586 3829 in
605 3787 677 3833 codd.
695 3790 777 3850 Lipm.

255 3859 282 3918 ²)
302 3857 360 3905 Sed
379 3855 464 3902 dicet
481 3877 515 3886 -
532 3851 685 3904 instituta
703 3860 888 3910 custodiunt

221 3927 292 3977 codd.
310 3925 392 3987 Lipar-
