2634 4400
613 235 656 296 iil

524 325 737 346 -ι-μ--αη

139 439 193 501 bus
211 431 293 512 editi,
314 453 432 519 quorum
450 437 542 500 adime
560 437 597 500 ad
614 437 749 498 indicium
768 439 798 498 in
816 439 958 500 nonnullis
972 441 1045 506 iocis
1054 460 1121 499 ossa

140 528 295 586 immensae
326 523 527 602 magnitudinis
553 523 752 584 ostenduntur.
807 523 866 584 Sed
892 524 1041 585 aduersum
1069 526 1120 582 bos

141 613 216 670 iusta
242 609 289 668 dei
316 608 497 688 providentia
524 607 656 670 dilnvium
680 608 783 668 mundo
801 608 973 680 introduxit,
992 621 1024 668 nt
1041 610 1120 670 orbis

141 693 255 774 quidem
281 705 421 753 terrarum
449 693 485 754 ab
511 711 611 754 eornm
630 695 806 772 contagione
830 692 1000 766 dilueretur,
1029 695 1121 754 omnis

138 799 210 838 vero
228 779 309 838 lncns
327 777 362 837 ab
380 779 528 857 impiorum
547 797 621 838 nece
638 788 803 838 verteretur
820 779 848 836 in
866 778 996 857 pelagus.
1044 777 1121 838 Unus

140 875 235 923 tamen
258 871 325 939 tune
348 863 480 922 inventus
503 873 549 922 est
570 865 676 934 iustus,
701 864 815 922 nomine
838 863 915 934 Nnc,
933 863 1031 942 quiin
1053 883 1122 922 area

140 968 204 1008 cum
222 947 312 1008 tribus
331 947 396 1006 liliis
414 965 569 1028 eorumque
591 948 727 1007 uxoribus
741 947 889 1018 liberatas,
909 958 974 1028 post
986 966 1120 1025 aquarum
1182 992 1186 999 .

142 1030 279 1093 decumus
298 1051 361 1091 cum
380 1030 423 1090 iris
441 1032 607 1092 animalibus
626 1051 700 1112 qnae
712 1051 810 1094 secum
821 1032 975 1104 clauserat,
996 1033 1122 1091 etsemi·
1187 1030 1191 1035 ’

140 1117 235 1189 nibus,
255 1115 349 1176 mnndi
368 1116 511 1176 habitator
527 1117 648 1176 effectus
667 1128 729 1185 est,

181 1200 239 1262 50.
285 1199 462 1260 Duodecimn
479 1202 683 1288 gencrptioue,
702 1221 766 1260 eum
785 1201 855 1261 dens
865 1198 1062 1261 benedixisset
1070 1201 1122 1260 lno-
1163 1245 1168 1250 .

140 1287 231 1346 mines
258 1296 289 1345 ct
315 1285 494 1364 multiplicari
517 1287 695 1366 coepissent,
723 1298 899 1365 aeceperunt
923 1296 1120 1366 praeceptum,

135 1391 178 1431 ne
205 1371 371 1448 sangninem
399 1369 604 1448 degustarent3
632 1382 752 1450 propter
779 1372 833 1430 boe
852 1372 927 1430 enirn
947 1373 1032 1430 ctiam
1050 1370 1123 1430 dilu-

140 1457 215 1515 vium
242 1457 347 1514 factum
375 1465 431 1514 est.
476 1454 573 1514 Tertia
592 1454 704 1514 decima
722 1455 912 1532 generatione
935 1475 997 1514 cum
1016 1475 1055 1514 ex
1071 1457 1123 1513 tri·

140 1539 194 1600 bus
212 1540 277 1598 liliis
295 1538 373 1612 Noe,
393 1559 464 1599 unus
483 1541 530 1618 qui
548 1537 743 1611 eratmcdins,
764 1541 836 1618 patri
850 1540 1123 1615 lecissetininriam,

140 1625 301 1704 posteritati
321 1643 389 1684 suae
409 1643 446 1706 eu
465 1624 617 1684 maledicto
628 1623 822 1683 conditionem
840 1624 986 1684 servitutis
999 1621 1120 1682 induxit.

142 1709 229 1768 (luins
247 1710 360 1768 interint
383 1710 481 1768 senior
501 1709 593 1768 irater
614 1709 797 1768 habitationis
820 1719 928 1768 sortem
950 1728 1029 1779 enm,
1050 1727 1123 1787 qnae

142 1803 187 1853 est
212 1794 241 1851 in
269 1792 363 1852 medio
391 1804 499 1865 terrae,
528 1793 667 1872 suscepit,
691 1795 720 1852 iu
748 1814 802 1872 qua
821 1805 866 1853 cst
883 1793 967 1872 regio
986 1791 1122 1864 iudaeae,

141 1879 237 1939 iunior
262 1897 333 1937 vero
360 1879 481 1938 orientis
495 1877 618 1956 'plagam
637 1880 756 1937 sortitus
775 1889 831 1951 est,
851 1879 913 1956 ipse
931 1888 1024 1936 antem
1044 1879 1123 1936 occi·

142 1961 237 2022 dentis
259 1963 383 2042 accepit.
430 1964 537 2036 Quarta
555 1961 667 2022 ‹lecima
685 1983 754 2022 vero
773 1964 962 2039 generatione
981 1982 1019 2021 ex
1036 1963 1124 2021 malc-

142 2046 220 2109 dicta
246 2048 386 2126 progenie
415 2045 549 2126 quidam,
582 2059 701 2126 propter
727 2058 818 2106 artem
848 2048 985 2124 magicam
1018 2049 1123 2124 primns

141 2150 219 2192 aram
238 2133 337 2190 statmt
354 2130 549 2205 daemonibus,
570 2133 708 2192 bonorem
727 2132 873 2210 sanguinis
891 2133 986 2191 litans.
1021 2132 1125 2206 Quinta

142 2216 254 2277 decima
280 2218 485 2295 generatione,
518 2218 609 2297 primo
637 2219 759 2277 omniurn
787 2218 917 2276 homines
943 2216 1047 2275 idolum
1066 2228 1124 2275 sta-

141 2312 258 2361 tuentes
275 2300 481 2373 adoraverunt,
511 2313 541 2361 et
558 2322 647 2380 usque
666 2301 702 2361 ad
720 2302 789 2360 iilud
803 2305 912 2379 tempus
926 2300 1059 2379 dfflblldi
1073 2302 1125 2379 lup·

142 2388 347 2469 aarnrsnsri
363 2384 654 2467 tan..¹tntnnrum
675 2385 1119 2469 *inmenensrecautum·

143 2470 234 2530 Sexta
260 2470 372 2529 decima
391 2472 581 2549 generatione
600 2482 749 2529 moverunt
766 2490 798 2529 se
817 2471 852 2528 ab
872 2472 985 2529 oriente
1005 2471 1053 2529 lilii
1072 2462 1124 2528 bo*-

140 2557 258 2628 minnm,
280 2568 309 2615 et
326 2557 475 2616 venientes
493 2555 530 2615 ad
548 2567 641 2616 terras
658 2566 767 2637 patrum
787 2576 913 2627 snorum,
933 2556 1124 2634 unnsquisque

142 2641 229 2699 sortis
255 2660 324 2700 suae
351 2641 456 2713 locunt,
485 2642 594 2720 proprii
619 2642 753 2701 vocabuli
778 2641 970 2720 appellatione
987 2641 1121 2718 signavit.

141 2724 270 2802 Septima
289 2724 400 2785 decima
417 2728 606 2805 generatione
625 2726 699 2805 apud
717 2723 902 2804 Babyloniam
916 2724 1056 2783 Ncmrotln
1066 2726 1125 2803 pri-

141 2828 204 2869 mus
229 2812 372 2888 regnavit,
401 2811 556 2891 urbemque
584 2812 760 2882 construxit,
789 2821 820 2871 et
840 2809 908 2871 iude
930 2810 1062 2888 migravit
1088 2806 1125 2867 ad

142 2890 259 2967 Persas,
280 2913 389 2973 eosque
408 2897 504 2973 ignem
524 2897 623 2957 colere
641 2895 751 2961 docuit.

184 2976 242 3037 51.
290 2978 397 3037 Octava
419 2978 532 3039 decima
553 2982 743 3057 generatione
770 2992 897 3040 muratae
924 2981 1010 3040 urbes
1029 2981 1125 3039 factae

141 3070 219 3130 sunt,
250 3070 280 3118 ct
306 3063 451 3121 exercitus
478 3064 598 3121 instituti
625 3084 772 3142 armaque,
801 3076 832 3123 et
856 3064 967 3123 iudices
987 3066 1125 3141 legesque

142 3145 283 3216 sancitae,
304 3144 408 3225 templa
427 3157 608 3225 constructa,
629 3158 659 3205 et
677 3150 823 3225 principes
841 3150 967 3224 gentium
985 3160 1125 3225 mmqnam

143 3228 183 3287 dii
201 3228 313 3288 adorati
331 3240 406 3289 sunt.
453 3229 537 3288 Nona
561 3230 672 3289 decima
694 3232 883 3309 generatidne
905 3233 1015 3310 posteri
1037 3232 1123 3304 illins,

144 3314 191 3391 qui
210 3325 276 3392 post
294 3312 426 3373 diluvium
445 3313 612 3375 maledictus
640 3327 697 3387 est,
717 3318 850 3395 proprios
871 3318 1010 3376 terminos
1037 3334 1125 3376 eacc-

144 3396 257 3468 dentes,
288 3418 358 3477 quos
377 3399 404 3457 in
424 3398 650 3461 occidentalibus
673 3401 800 3480 partibus
826 3411 906 3460 sorte
925 3412 1123 3481 susceperant,

144 3500 195 3541 cos
214 3482 261 3561 qui
279 3482 400 3542 medium
416 3494 512 3543 terrae
522 3486 637 3545 inerant
645 3486 740 3545 sortiti
755 3487 859 3557 locam,
879 3487 908 3545 in
922 3497 1015 3546 terras
1029 3487 1125 3545 orien-

143 3567 180 3625 tis
207 3568 353 3646 expellunt
379 3580 410 3627 et
435 3589 525 3649 nsque
543 3569 579 3628 ad
597 3569 745 3630 Persidem
764 3571 876 3647 fugant,
896 3572 1008 3651 ipsique
1026 3571 1055 3628 in
1073 3588 1126 3627 eu·
1234 3586 1238 3596 “

143 3650 286 3729 pulsorum
312 3652 385 3712 locis
411 3653 508 3733 iniqua
525 3665 604 3714 sorte
622 3653 792 3715 succedunt.
838 3655 984 3715 Vicesima
1002 3670 1126 3731 genera-

144 3735 222 3793 tione
249 3736 286 3795 ob
313 3737 416 3795 incesti
444 3739 564 3813 crimen,
592 3740 698 3819 primus
724 3749 817 3801 morte
834 3738 1040 3820 proprialilius
1058 3734 1125 3797 anic

144 3830 253 3898 patrem
272 3816 422 3883 defunctus
441 3833 495 3883 est.
610 3907 635 3939 a
868 3907 911 3968 2.
958 3903 962 3911 Ι
1154 3814 1165 3823 ’
