2634 4400
657 222 704 284 ou

579 309 796 330 *ιιι--ιι--ῠδ

195 434 249 494 tioa
295 420 348 492 Hie
367 440 455 508 ergo,
484 429 539 488 boe
558 438 603 488 est
619 429 648 488 ia
666 428 811 508 piaeseuti
838 429 895 485 vito
922 428 1032 506 positos
1058 437 1185 506 oportet

195 535 248 576 vos
273 533 434 594 agnoscere
459 514 634 574 voluntatem
661 512 719 584 dei,
747 513 796 571 ubi
822 521 853 570 et
877 511 983 589 agendi
1010 513 1090 570 iocus
1117 523 1180 570 est.

195 601 270 661 Nam
288 591 311 659 si
330 601 391 679 quis
408 593 478 659 velit
496 603 645 678 autequam
663 598 745 657 aetus
761 617 828 656 suos
847 595 991 668 emendet,
1009 596 1049 661 ,de
1067 597 1110 654 bis
1128 615 1183 654 re-

197 687 312 766 quirere
339 703 412 764 quae
435 704 491 743 nou
510 693 607 762 potest
624 684 765 752 invenire,
794 683 879 740 stulta
905 692 948 740 et.
961 682 1097 740 inefficax
1120 683 1183 739 erit

195 769 391 830 buiuseem'odi
409 769 565 848 inquisitio,
611 768 735 845 Tempus
753 767 828 826 enim
850 766 939 825 breve
966 778 1022 837 est,
1048 777 1077 824 et
1103 764 1183 824 tuti-

197 857 271 914 oium
289 853 336 913 dei
355 856 501 932 gestorum
520 862 620 911 caussa
637 852 751 930 agetur,
772 861 829 910 uon
848 851 1054 929 quaestionum.
1092 850 1182 908 Ideo-

196 959 251 1020 que
270 949 337 998 ante
356 939 449 996 omnia
467 938 523 994 boe
542 955 719 1015 quaeramus,
740 935 879 1014 quiduos,
899 936 1181 1014 autquaiiteragere
1203 991 1207 999 ,

198 1033 343 1104 oporteat,
364 1032 395 1081 ut
408 1032 554 1080 aeternam
572 1023 657 1079 vitam
677 1021 815 1100 consequi
833 1039 1003 1079 mereamur,

239 1107 295 1166 21«
342 1104 415 1164 Nam
434 1107 458 1164 si
480 1107 614 1184 exiguum
632 1103 689 1163 boe
706 1106 782 1163 vitae
801 1106 911 1183 tempus
938 1123 992 1183 per
1009 1100 1108 1162 inanes
1127 1112 1181 1161 oo·

199 1209 333 1271 eupemos
352 1201 382 1248 et
399 1181 513 1248 inutiles
531 1190 730 1268 quaestiones,
745 1191 845 1248 iuanes
862 1190 924 1248 siue
947 1186 1032 1247 dubio
1052 1200 1083 1247 et
1095 1190 1180 1246 vacui

124 1347 127 1352 Ι
197 1277 234 1335 ab
252 1274 388 1355 operibus
406 1274 488 1333 bouis
506 1286 659 1352 pergemus
677 1273 714 1332 ad
733 1273 826 1345 deum,
843 1277 871 1346 ¹)
899 1273 946 1332 ubi
974 1273 1119 1343 iudicium,
1147 1283 1181 1330 ut

198 1359 269 1431 dixi,
290 1379 408 1439 operum
426 1369 588 1418 nostrorum
607 1359 668 1419 deta
698 1357 889 1438 Unaquaeque
907 1359 1014 1433 etenim
1032 1378 1080 1416 res
1098 1378 1178 1416 suum

197 1455 308 1524 tempus
333 1439 421 1504 babet
447 1443 477 1504 et
503 1445 608 1504 loeumi
656 1443 780 1522 Operum
805 1434 852 1501 bie
879 1436 974 1513 loeus,
994 1444 1050 1500 hoe
1068 1454 1180 1522 tempus

197 1539 253 1600 est,
282 1531 449 1590 moritorum
476 1529 601 1588 seculum
629 1529 764 1588 futurum.
819 1526 865 1587 Ne
892 1546 964 1605 ergo
991 1526 1180 1606 impediamur·

199 1613 329 1674 ordinem
352 1614 480 1672 iocorum
508 1633 542 1672 ae
561 1624 720 1691 temporum
747 1622 957 1691 permutantes,
986 1615 1078 1691 primo
1106 1631 1178 1693 quae

198 1701 236 1759 sit
254 1696 301 1757 dei
319 1697 426 1756 iustitia·
443 1699 631 1776 requiramus,
652 1708 683 1756 ot
691 1708 822 1776 tanquam
832 1697 889 1756 iter
901 1699 1005 1768 acturi,
1026 1695 1179 1755 abundanti

198 1783 304 1842 viatico
323 1782 407 1840 bonis
425 1781 566 1859 operibus·
578 1775 750 1861 repleamur,
771 1799 826 1860 quo
843 1783 984 1861 possimus
1001 1781 1037 1840 ad
1059 1792 1179 1860 regnum

198 1865 258 1938 dei,
278 1877 409 1944 tanquam
428 1864 464 1924 ad
486 1864 585 1925 urbem
612 1869 762 1926 maximam
787 1868 952 1944 pervenire.
999 1865 1077 1925 Deus
1104 1868 1180 1926 enim

198 1952 254 2021 bis,
275 1951 322 2030 qui
340 1960 421 2010 reete
440 1951 576 2032 sentiunt,
596 1971 650 2030 per
667 1943 730 2029 ipsa
752 1970 844 2030 opera
870 1942 981 2023 mnndi,
1010 1965 1083 2030 quae
1110 1951 1182 2010 feeit

200 2035 367 2095 manifestus
385 2045 441 2106 est,
470 2035 558 2114 ipsius
577 2045 729 2095 creaturae
756 2054 824 2099 suae
844 2046 926 2095 utens
943 2037 1120 2106 testimonio,
1150 2044 1181 2093 et

199 2119 267 2179 ideo
287 2138 350 2178 eum
369 2116 405 2178 de
424 2118 479 2186 deo
499 2118 636 2180 dubitatio
656 2139 796 2180 essenon
823 2119 929 2180 debeat
955 2119 992 2179 de
1019 2121 1080 2190 sota
1105 2139 1181 2178 nune

201 2207 263 2266 eius
281 2206 387 2265 iustitia
409 2206 585 2285 requiramus
608 2217 638 2267 et
664 2226 768 2283 regno.
816 2205 940 2279 Quodsi
966 2206 1080 2284 aliquid·
1098 2201 1182 2264 nobis·

200 2290 237 2350 de
255 2282 377 2351 seeretis
396 2301 426 2350 'e't
443 2288 600 2351 reconditis
619 2283 817 2391 inquirendum
836 2292 967 2369 suggerit
979 2311 1059 2349 mens
1070 2302 1179 2361 nostra,-

200 2386 350 2455 antequam
369 2374 405 2435 de
424 2376 559 2454 operibus
581 2373 706 2436 iustitiae
732 2378 920 2455 requiramus,
948 2376 1088 2434 rationem
1115 2374 1182 2433 red·

201 2460 271 2519 de're
289 2454 501 2537 nobismetipsis
520 2460 672 2533 debemus3
702 2461 766 2539 quia
784 2461 807 2519 si
825 2460 905 2519 bene'
922 2471 1043 2539 agentes
1062 2460 1181 2519 salutem

103 2605 107 2610 ,
202 2544 340 2621 consequi
367 2545 564 2635 meruerimuq
592 2554 724 2621 tanquam
751 2546 822 2603 easti
848 2545 879 2603 et
904 2544 999 2603 mundi
1026 2556 1128 2603 euntes
1145 2542 1183 2616 ad
1219 2592 1230 2602 t

202 2627 286 2688 deum
313 2628 414 2705 spiritu
437 2638 537 2686 saneto
556 2628 741 2705 replebimur,
763 2639 794 2686 et
807 2629 1190 2707 omniaqnaesnntseerera

202 2722 234 2773 et
260 2711 384 2781 occulta,
413 2711 475 2770 sine
502 2704 558 2770 obla
586 2707 782 2790 quaestionum
810 2713 990 2773 cavillatione
1017 2733 1181 2784 noscemus,

203 2814 275 2875 qnae
294 2814 380 2864 nune,
401 2795 486 2853 etiam
504 2796 529 2854 si
547 2804 641 2854 totum¹
656 2797 718 2874 quis
734 2797 810 2855 vitae
829 2814 897 2857 suan
915 2807 1026 2878 tempus
1043 2800 1073 2856 in
1090 2798 1183 2875 inqui-¹

202 2878 294 2939 raudo
322 2882 480 2950 consumat,
503 2899 567 2937 aon
594 2879 685 2939 solum
711 2892 769 2938 uon
797 2877 1062 2959 poteritinvenire,
1083 2881 1184 2941 sedet

121 2957 128 2964 ’
146 3008 149 3015 .
202 2963 357 3023 maioribus
375 2982 407 3041 se
419 2963 579 3043 erroribus
591 2964 712 3035 inseret,
733 2966 872 3043 quianon
890 2986 944 3045 per
960 2968 1033 3038 viam
1051 2968 1183 3046 priusiu⁶

203 3048 298 3109 stitiae
316 3046 465 3121 incedens,
486 3048 522 3108 ad
540 3059 652 3128 portum
670 3045 746 3109 vitae
764 3052 917 3128 pervenire
936 3051 1095 3110 contendit.

245 3132 304 3193 92.
350 3132 388 3192 Et
404 3144 561 3212 propterea
580 3133 687 3195 suadeo
710 3130 801 3215 primo
819 3128 954 3195 iustitiam
972 3137 1034 3195 eius
1052 3156 1117 3195 esse
1136 3156 1184 3197 re·-

202 3215 380 3297 quireudam,
400 3221 431 3277 ut
448 3238 501 3297 per
517 3220 589 3278 baua
608 3221 667 3278 iter
682 3231 814 3297 agentes,
835 3232 866 3279 et
882 3222 911 3280 iu
928 3222 1185 3300 viapositiverita·

133 3350 136 3361 ,
195 3297 252 3372 us,
271 3320 369 3361 verum
388 3304 557 3382 prophetam
572 3305 705 3385 invenire
724 3306 875 3382 possimus,
896 3326 952 3365 non
966 3306 1184 3385 uelocitatepe·

204 3382 280 3458 dum,
300 3385 352 3445 sed
370 3398 489 3465 operum
506 3388 636 3462 bonitate
655 3390 820 3463 eumentes,
840 3396 872 3449 ut
889 3386 1101 3469 ipso'duee'usi,
1122 3393 1186 3451 nul·-

203 3470 262 3530 dum
279 3472 343 3531 u'iae
360 3471 442 3531 buius
460 3474 602 3552 patiamur
619 3492 761 3533 errorem.
808 3469 840 3534 Si
859 3476 934 3534 enim
952 3476 1043 3553 ipsum
1061 3496 1184 3555 sequeu-

204 3566 251 3635 tes
266 3554 381 3635 ingredi
399 3560 584 3619 meruerimus
602 3559 690 3631 illam,
715 3579 770 3639 quo
789 3561 943 3640 pervenire
954 3562 1092 3640 cupimus,
1114 3562 1184 3619 eivi-

204 3700 418 3715 m·-

1293 3639 1294 3672 t

204 3758 268 3888 HR
286 3761 344 3811 uui
360 3756 511 3812 iudicium
529 3791 560 3802 -
580 3766 747 3825 peruenire
764 3779 816 3813 nou
828 3765 987 3827 legunturin
1003 3768 1113 3825 utroque
1130 3765 1186 3813 eod.
