2634 4400
589 289 655 348 193

516 381 659 393 boum-,-

123 496 232 564 tiones,
253 492 298 550 vei
318 494 448 550 inserere
467 511 498 550 se
516 510 569 569 ρει·
588 491 669 550 eibos
688 502 718 550 et
735 491 895 570 potumsihi
911 503 1110 551 eonseenattnn

124 577 268 636 mentibus
285 577 331 636 vei
351 575 520 654 corporibus
539 595 648 648 eorum,
670 577 717 654 qui
736 595 773 635 ex
791 595 827 636 eo
837 579 999 649 sumserint,
1019 575 1110 637 veiad

125 661 196 721 idoli
216 662 334 719 alienius
351 660 566 720 venerationem
585 661 694 719 somnia
711 681 783 720 uana
801 661 980 740 eoniingene.

171 745 229 805 20.
276 743 312 803 Et
338 755 431 804 tamen
460 747 521 823 quis
549 747 589 803 ita
611 747 674 804 sine
701 765 785 805 sensu
803 747 958 818 iuvenitur,
979 747 1024 804 eni
1043 765 1110 824 ρει·-

66 831 79 840 “
125 829 242 890 suaderi
261 827 377 900 deb'eat,
398 840 428 888 ut
446 829 551 888 idoium
571 830 659 902 eolat,
685 831 746 889 sive
764 830 832 889 iiiud
851 849 889 890 ex
906 851 976 890 auno
995 832 1055 889 sive
1074 835 1111 889 ex

68 981 71 989 Δ
100 963 104 972 .
127 915 257 994 quolibet
272 914 390 972 metaiio
410 915 513 972 iactum
533 916 589 974 sit?
608 914 660 974 Cui
679 936 735 973 non
755 916 846 994 palam
866 926 911 973 est
928 914 957 973 id
968 934 1032 975 esse
1043 913 1111 973 iiind

126 999 282 1069 metaiinm,
304 996 380 1077 qnod
398 999 505 1057 artifex
520 999 628 1058 voluit?
648 998 796 1073 Quomodo
816 1019 887 1079 engo
905 1001 1001 1059 inesse
1018 998 1111 1058 ibidi-

126 1085 231 1143 vinitas
248 1081 374 1161 putando
384 1093 446 1154 est,
468 1079 543 1162 quod
560 1085 585 1142 si
604 1085 744 1144 noluisset
761 1086 882 1157 artifex,
912 1086 1025 1143 omnino
1052 1105 1111 1142 non
1198 1111 1204 1124 ¹

128 1171 227 1228 esset?
245 1177 293 1225 aut
312 1167 453 1245 quomodo
472 1167 539 1227 inde
558 1170 651 1227 future
670 1169 723 1228 sibi
738 1169 903 1228 adnunciari
914 1180 1042 1249 sperent,
1062 1168 1110 1228 uini

126 1272 183 1312 nee
203 1253 395 1331 praesentium
414 1252 516 1331 aliquis
534 1253 697 1312 intellectus
711 1258 775 1313 esti
793 1255 925 1328 Quamvis
935 1255 1047 1314 etiamsi
1059 1254 1110 1312 aii-

128 1337 195 1416 quid
215 1336 385 1408 divinarent,
406 1341 462 1395 non
481 1339 617 1396 continno
636 1337 676 1397 dii
694 1337 794 1397 haberi
812 1340 938 1418 possint,
959 1341 1024 1418 qnia
1034 1337 1110 1396 aiiud

128 1433 174 1482 est
193 1420 341 1493 divinatio,
362 1421 437 1480 aiiud
466 1421 608 1480 diuinitas.
655 1421 729 1480 Nam
757 1433 787 1482 et
809 1423 955 1502 Pythonos
982 1422 1109 1480 diuinare

126 1505 273 1577 videntur,
303 1516 333 1564 et
359 1526 415 1566 non
443 1507 579 1566 continuo
607 1504 646 1565 dii
665 1517 745 1581 sunt,
765 1505 888 1586 deniqne
905 1525 923 1565 a
940 1506 1110 1565 Christianis

127 1591 289 1650 hominibus
308 1591 485 1668 effugantem
507 1601 537 1650 et
555 1589 697 1670 quomodo
716 1590 786 1650 deus
805 1601 859 1662 est,
881 1592 927 1669 qni
946 1592 1061 1668 fugatur
1074 1590 1110 1648 aii

127 1677 263 1735 homine?
283 1672 341 1734 Sed
361 1675 432 1734 dicis
451 1677 590 1735 fortasse:
612 1674 679 1754 quid
702 1674 776 1754 quod
804 1678 942 1734 sanitates
968 1676 1108 1744 eiiieiunt,

128 1771 160 1820 et
178 1759 319 1839 quomodo
339 1761 400 1838 quis
428 1772 545 1820 curetur
572 1759 743 1820 ostendunt?
770 1761 830 1819 Hae
857 1761 970 1819 ratione
997 1758 1111 1818 cedendi

127 1856 195 1905 sunt
213 1845 297 1902 etiam
317 1844 420 1904 medici
440 1855 471 1903 ut
488 1845 539 1916 dii,
565 1846 667 1917 multos
678 1846 752 1904 enim
763 1855 873 1916 sanant,
895 1856 925 1904 et
935 1855 1039 1924 quanto
1050 1845 1111 1923 quis

127 1931 253 2010 peritior
270 1929 367 1999 fuerit,
388 1939 467 1987 tanto
486 1930 582 2008 piures
601 1929 723 1990 sanabit.

172 2014 230 2073 ni.
278 2012 358 2072 Unde
375 2023 509 2084 oonstat,
539 2013 610 2074 istos
638 2035 700 2073 eum
728 2016 785 2074 sint
803 2013 963 2075 daemoniei
981 2016 1108 2093 spiritns,

128 2110 161 2158 et
178 2099 265 2156 multo
285 2100 368 2156 eitius
387 2099 463 2158 seire
482 2099 576 2178 aliqua
594 2109 624 2158 et
642 2101 729 2158 mutto
748 2101 922 2178 perfectius,
951 2119 1008 2156 non
1035 2099 1110 2156 enim

127 2182 166 2243 nd
185 2181 350 2242 discendum
369 2182 504 2243 tarditate
524 2185 654 2263 eorporis
665 2183 868 2263 degravantur.
914 2185 952 2242 Et
960 2182 1027 2242 ideo
1038 2204 1110 2263 quae

128 2268 234 2327 medici
254 2270 340 2346 longo
359 2279 490 2346 tempore
510 2279 539 2327 et
557 2269 656 2326 labore
675 2269 795 2347 plurimo
814 2267 1016 2346 adsequuntur,
1037 2268 1110 2326 haee

128 2354 171 2411 iiii
190 2364 320 2431 tanquam
340 2354 466 2432 spiritus,
487 2352 593 2430 absque
612 2372 692 2410 monn
710 2354 767 2410 niia
785 2362 815 2409 et
824 2352 931 2434 absque
942 2350 1111 2410 difficultate

128 2448 321 2515 cognoscunt.
368 2437 433 2496 Non
462 2456 533 2515 ergo
561 2438 660 2495 minum
689 2447 750 2507 est,
773 2438 799 2494 si
824 2437 887 2515 pius
905 2435 1011 2514 aiiquid
1030 2455 1111 2514 quam

129 2522 260 2583 homines
278 2524 388 2594 seiunt3
409 2520 460 2580 sed
479 2522 534 2580 hoe
553 2520 716 2580 intuendum
737 2532 794 2593 est,
816 2520 892 2600 qnod
911 2540 1036 2599 eaquae
1055 2522 1111 2578 sei-

129 2618 193 2678 unt,
214 2627 270 2664 non
289 2607 463 2665 adsalutem
482 2605 535 2665 sed
552 2605 588 2664 ad
607 2604 808 2685 deceptionem
835 2606 986 2685 proferunt
1003 2606 1110 2663 anima-

129 2710 204 2762 rum,
233 2702 264 2749 nt
289 2709 342 2771 pen
369 2692 440 2750 duee
468 2712 517 2751 eas
545 2692 648 2749 euitum
676 2693 767 2751 iaisae
786 2692 935 2769 religionis
955 2689 1107 2749 edoceant.

130 2775 192 2833 Sed
212 2774 293 2848 deus,
322 2795 358 2835 ne
376 2787 473 2836 tantae
493 2774 674 2855 deceptionis
692 2796 777 2835 ernon
800 2777 905 2835 lateret
931 2787 962 2835 et
988 2776 1111 2835 erranti·

129 2858 182 2918 lius
202 2861 264 2938 ipse
284 2880 385 2919 caussa
402 2860 549 2920 uideretur
575 2862 713 2934 existere,
744 2862 790 2940 qui
816 2872 924 2921 tantum
951 2862 994 2921 eis
1020 2861 1111 2919 dieene

129 2946 271 3025 permisit,
292 2954 322 3001 ut
340 2964 392 3023 ρει
410 2944 610 3017 diuinationes,
631 2967 686 3023 ρει·
703 2947 866 3007 conationes
885 2955 915 3004 et
932 2965 990 3024 per
1002 2946 1113 3003 somnia

130 3030 269 3105 desipere
288 3027 416 3085 homines
434 3030 554 3106 possint,
576 3029 746 3088 elementiae
764 3050 833 3087 suae
860 3028 1016 3087 remedium
1044 3047 1112 3105 pro·

128 3112 203 3172 vidit
221 3110 391 3181 hominibus,
412 3122 443 3170 et
461 3111 671 3169 distinctionem
691 3113 753 3170 iaisi
771 3112 1112 3190 veriquescineeupien-

129 3197 207 3255 tibus
225 3196 253 3253 in
274 3195 423 3273 propatulo
441 3195 546 3274 posuit.
591 3195 644 3254 Est
662 3214 735 3272 ergo
757 3196 812 3254 iste
838 3195 1000 3254 distinctio:
1031 3189 1120 3266 Quod

129 3303 149 3341 a
166 3300 237 3339 vero
257 3277 312 3337 deo
333 3279 437 3339 dieitur
452 3274 514 3338 'sive
532 3296 587 3358 ρει
602 3279 768 3360 prophetas,
789 3279 849 3339 sive
867 3299 922 3358 ρει
935 3279 1059 3337 visiones
1070 3277 1112 3336 di-

129 3356 242 3436 vensas,
263 3383 378 3443 semper
396 3384 493 3423 venum
512 3376 571 3439 est,
593 3364 668 3443 quod
686 3375 779 3423 entem
798 3385 816 3422 u
833 3362 1112 3442 daemonibuspnae-

35 3480 45 3503 .
130 3449 249 3520 dieitur,
270 3470 325 3507 non
345 3468 572 3528 semponvenum
592 3460 646 3509 est.
692 3449 746 3507 Est
772 3468 844 3526 ergo
872 3448 1013 3507 evidentis
1038 3447 1112 3506 indi-

130 3534 183 3603 eii,
205 3554 259 3590 non
279 3555 295 3591 a
313 3554 383 3591 veno
402 3534 458 3593 deo
478 3532 534 3591 diei
555 3554 599 3604 ea,
621 3534 760 3612 inquibus
773 3532 1111 3612 aiiqunndomendoeium

132 3628 189 3686 est,
209 3617 377 3676 inveritate
397 3621 470 3677 eninn
491 3639 628 3697 nunquam
649 3617 825 3676 mendacium
845 3629 906 3689 est,
926 3618 1111 3674 iuhisuutem

131 3701 180 3779 qui
200 3702 382 3773 mentiuntur,
405 3713 500 3781 potest
517 3701 668 3781 aliquando
688 3715 718 3760 et
738 3704 867 3761 veritatis
886 3700 991 3779 aliquid
1010 3700 1112 3760 admis-

132 3786 206 3854 ceri,
228 3804 281 3863 pen
299 3786 373 3863 quod
392 3786 541 3845 mendacin
560 3786 739 3846 condiantur.

175 3868 231 3928 92.
280 3869 361 3942 Quod
379 3872 402 3929 si
420 3870 499 3930 dieat
517 3872 633 3950 aliquis:
676 3872 842 3945 Quidenim
871 3893 941 3951 opus
967 3870 1111 3931 eratineo
1158 3862 1163 3871 ’
