2634 4400
685 303 730 361 tt

216 510 266 578 ita,
296 509 396 585 inquit,
426 505 477 566 sed
505 527 587 565 unttm
611 506 724 585 quidem
744 507 876 564 conliteri
895 505 1130 569 conrenltdenm
1151 511 1199 586 qsti

217 613 285 651 rore
305 603 366 664 est,
392 592 491 650 coelos
510 603 603 650 autem
623 609 688 649 esse
708 593 754 669 qui
773 591 808 649 ab
828 610 863 648 eo
883 592 950 648 iacti
970 601 1045 662 sunt,
1066 594 1142 650 sicut
1168 603 1199 650 et

216 678 263 735 lex
282 675 362 746 dicit,
384 696 501 755 quorum
520 696 601 734 unum
622 677 733 734 coelum
753 677 790 733 sit
813 676 960 753 superius,
982 695 1037 754 quo
1065 678 1199 737 contine·

216 773 262 820 tur
289 763 374 820 etiam
400 761 513 820 visibile
540 762 757 830 firmamentum,
786 759 855 818 illud
882 778 948 820 esse
974 771 1143 840 perpetuum
1168 772 1199 820 et

216 857 362 904 aeternum
383 865 444 904 rum
464 845 507 904 bis
527 846 572 923 qui
592 845 720 902 habitant
737 843 792 916 ibi3
813 843 887 902 istud
910 846 1003 902 autem
1029 845 1143 902 visibile
1169 847 1199 902 in

216 931 459 990 consummatione
469 930 578 988 saeculi
588 926 786 987 resolvendum
806 947 872 986 esse
890 939 921 986 et
930 929 1064 999 transire,
1085 929 1199 988 utillud

217 1016 328 1074 coelum
348 1013 422 1092 quod
441 1023 486 1072 est
503 1014 644 1092 antiquius
664 1023 694 1070 et
712 1014 856 1071 excelsius
874 1023 938 1091 post
948 1012 1080 1071 indoctum
1091 1016 1199 1071 sanctus
1301 1060 1302 1063 ,

217 1111 248 1158 et
266 1098 360 1175 dignis
378 1108 524 1180 appar-‚eat
571 1095 615 1155 Ad
636 1097 708 1155 baec
732 1096 830 1155 Simon
857 1096 1023 1174 respondits
1052 1097 1131 1157 llaec
1159 1099 1199 1156 ita

217 1202 294 1252 esse,
315 1193 346 1240 ut
364 1193 392 1239 tu
412 1181 495 1253 dicis,
517 1179 702 1242 credentibus
719 1192 839 1260 possent
856 1181 960 1253 videri,
990 1183 1018 1240 ei
1037 1193 1130 1240 autem
1150 1183 1198 1260 qui

216 1267 317 1324 borum
336 1277 487 1346 exspectnt
505 1267 644 1336 rationes,
665 1264 840 1345 impossibiie
859 1277 959 1326 estex
978 1267 1044 1344 lege
1057 1267 1200 1345 proferri,
1301 1272 1302 1315 ἒ

217 1361 248 1410 et
265 1352 420 1430 praecipue
439 1349 475 1412 de
494 1351 684 1412 immensitate
703 1352 786 1412 lucis.
924 1400 929 1406 .

258 1435 315 1496 69.
363 1436 399 1494 Et
418 1435 536 1494 Petrus:
565 1434 645 1506 Noli,
674 1437 781 1515 inquit,
810 1445 912 1512 potare
939 1455 992 1494 nos
1023 1433 1099 1514 quod
1125 1435 1199 1494 baec
1301 1468 1302 1509 p

218 1519 274 1579 lide
292 1521 354 1580 sola
372 1520 539 1599 recipienda
557 1539 622 1578 esse
642 1519 779 1591 dicamus,
800 1519 851 1582 sed
863 1530 893 1577 ot
902 1521 1013 1578 ratione
1023 1518 1196 1578 adserenda
1301 1518 1302 1553 ³

183 1605 319 1707 Neque
338 1607 413 1665 enim
432 1615 520 1662 tutum
540 1615 597 1662 est
602 1603 694 1662 nudae
714 1605 785 1661 baec
804 1602 871 1664 fidei
881 1603 987 1682 absque
997 1605 1110 1662 ratione
1121 1623 1201 1661 com

185 1712 191 1805 p
217 1691 345 1760 mittere,
367 1708 430 1748 eunt
450 1690 548 1768 utique
568 1689 675 1746 veritas
693 1689 804 1746 ratione
823 1709 880 1746 non
899 1699 1008 1746 careat.
1024 1690 1053 1760 ¹)
1080 1687 1119 1745 Et
1132 1687 1199 1747 ideo

186 1751 265 1858 bui
284 1775 357 1832 haee
375 1773 488 1832 ratione
507 1773 613 1830 munita
619 1773 802 1850 susceperit,
822 1771 947 1850 perdere
970 1792 1033 1832 eam
1058 1792 1199 1850 nunquam

186 1875 189 1886 '
217 1867 325 1937 potest,
346 1858 392 1935 qni
409 1875 480 1916 vero
499 1855 606 1938 absque
624 1855 835 1916 adsertionibus
854 1876 889 1915 ea
915 1858 1036 1934 suscipit
1061 1858 1199 1934 simplicis

184 1981 187 1988 ·
218 1942 359 2001 sermonis
377 1939 512 2012 adsensu,
541 1960 634 2019 neque
662 1960 780 1999 sertore
799 1959 833 1998 ea
851 1952 913 2000 tuto
931 1951 1038 2019 potest,
1058 1959 1153 2018 nequae
1175 1941 1200 1999 si
1301 1944 1302 2007 ]

185 2021 188 2032 ’
216 2046 287 2084 vera
305 2026 362 2083 sint
379 2037 475 2084 certus
494 2037 549 2095 est,
571 2026 635 2103 qnia
659 2026 705 2104 qui
732 2025 818 2083 facile
847 2024 940 2084 credit
958 2026 1043 2083 lacile
1066 2036 1097 2084 et
1115 2045 1200 2084 rece·

197 2147 202 2158 ι
218 2111 275 2169 dit:
301 2111 347 2188 qui
362 2120 458 2168 autem
477 2111 616 2170 rationem
637 2111 778 2188 quaesivit
795 2127 893 2168 eorum
913 2129 986 2187 qnae
1005 2108 1141 2178 credidit,
1170 2121 1202 2168 et

218 2195 343 2273 accepit,
365 2195 444 2275 quasi
462 2195 582 2255 vinculis
602 2192 766 2274 quibusdam
786 2195 905 2253 rationis
924 2194 1011 2273 ipsius
1034 2194 1123 2252 colii
1103 2205 1198 2271 gatus,

180 2300 392 2358 nunquam.
386 2279 421 2338 ab
448 2280 490 2339 his
511 2300 583 2359 quac
603 2278 737 2350 credidit,
760 2277 855 2337 divelli
874 2290 923 2337 aut
940 2278 1070 2356 separari
1088 2289 1198 2355 potest.

174 2389 179 2448 t
217 2365 255 2423 Et
273 2363 339 2423 ideo
358 2377 464 2443 quanto
482 2367 544 2443 quis
562 2365 734 2443 propensior
752 2364 840 2421 luerit
857 2364 885 2420 in
896 2360 1058 2441 expetenda
1072 2364 1198 2436 ratione,

218 2460 297 2510 tamo
317 2452 373 2508 erit
391 2450 500 2507 tirmior
517 2451 544 2507 in
564 2447 762 2507 consectanda
780 2447 848 2505 lide.

261 2533 315 2596 ⁷0.
362 2532 499 2595 Adbacc
520 2533 634 2591 Simon.
655 2532 787 2608 Magnum
808 2542 863 2603 est,
885 2532 985 2610 inquit,
1006 2530 1201 2611 quodrcpro-

218 2619 316 2688 mittis,
337 2629 369 2676 ut
386 2619 540 2679 immensae
560 2618 631 2674 lucis
649 2616 807 2673 aeternitas
826 2616 947 2693 exlege
966 2617 1057 2695 possit
1072 2612 1198 2676 ostendi.

218 2701 344 2779 Curaque
365 2701 466 2760 Petrus
485 2700 620 2759 dixisset:
642 2698 754 2777 quando
772 2700 913 2772 volueris3
936 2699 1034 2757 Simon
1045 2701 1100 2758 aits
1122 2702 1202 2773 Quo·

218 2788 291 2845 uiam
311 2786 382 2844 bora
399 2788 454 2843 lam
473 2786 556 2843 multu
577 2794 632 2853 est,
655 2785 780 2841 crastino
792 2782 914 2842 adstanti
933 2785 1200 2855 mibietrenitenti,

218 2872 241 2931 si
262 2870 384 2948 probare
403 2871 532 2947 potueris
551 2870 654 2925 ιἰιιιιιιιι
684 2887 748 2926 esse
775 2868 849 2926 buno
877 2867 1008 2927 mundum
1036 2879 1065 2927 et
1091 2870 1202 2928 anirnas

184 2963 188 2972 f
218 2974 284 3013 esse
303 2955 488 3023 immortales,
510 2952 626 3011 babebis
645 2971 691 3010 me
709 2951 867 3011 adiutorem
887 2952 1109 3031 praedicationis
1119 2964 1198 3011 tuae.

217 3039 255 3101 Et
274 3056 336 3103 eunt
356 3038 428 3100 boec
448 3036 567 3095 dixisset
586 3038 722 3115 egressus
741 3049 796 3109 est,
817 3048 937 3115 sequuta
955 3037 1049 3096 antem
1068 3039 1113 3096 est
1136 3058 1201 3096 eum

219 3142 256 3182 cx
275 3124 350 3183 omni
370 3123 475 3200 populo
494 3122 541 3200 qui
560 3142 622 3179 cum
642 3124 705 3203 ipso
722 3133 844 3181 venerat
861 3142 928 3199 pars
941 3123 1040 3193 tertia,
1061 3123 1203 3200 quierant

219 3211 299 3285 quasi
318 3208 394 3267 mille
412 3208 482 3277 viri3
503 3208 612 3266 caeteri
631 3226 702 3266 vero
721 3209 804 3266 desis
822 3206 943 3282 genibus
961 3207 1145 3284 prostrabant
1168 3226 1201 3264 se

219 3292 317 3362 Petro,
339 3311 426 3370 super
445 3312 514 3369 quos
534 3292 580 3350 ille
600 3294 733 3350 invocato
753 3290 800 3348 dei
818 3292 944 3361 nomine,
965 3291 1037 3349 alios
1051 3289 1203 3348 daemonia
1301 3309 1302 3322 ι

219 3376 356 3433 babentes
375 3378 494 3447 curavit,
516 3378 587 3435 alios
607 3378 691 3435 etlam
712 3376 881 3451 languentes
899 3376 1020 3444 sanavit,
1042 3384 1072 3431 et
1090 3376 1201 3431 italae-

218 3469 325 3525 tmtem
343 3461 473 3538 populum
497 3460 613 3533 dimisit,
634 3457 769 3521 mandans
788 3460 842 3529 eis,
863 3470 893 3516 ut
911 3460 939 3516 in
957 3460 1111 3515 crastinum
1126 3456 1201 3516 diem

218 3546 354 3604 maturius
373 3548 570 3609 convenirent.
615 3545 717 3603 Petrus
743 3562 814 3602 vero
842 3562 905 3601 cum
932 3543 1124 3603 recessissent
1142 3554 1202 3600 tur·

220 3740 432 3752 m-

220 3833 282 3947 Γῑ)
300 3835 338 3883 Et
356 3835 429 3883 ideo
445 3859 479 3869 ·-
497 3832 642 3894 seperari
660 3834 766 3901 potest
784 3831 963 3881 desiderentur
981 3830 1008 3879 in
1021 3833 1130 3889 utroque
1146 3831 1201 3879 eod.

232 3915 288 3961 nps.
