2634 4400
583 345 654 414 908

514 428 728 459 .*.....-......

127 558 228 639 quibus
256 556 380 617 docuisti
408 557 584 637 impossibiie
610 573 676 617 osse
693 548 800 619 bomini
819 561 896 619 seire
914 549 1030 640 aliquid,
1060 563 1115 621 nisi

126 664 143 703 a
163 664 234 703 vero
252 644 393 722 propbeta
412 643 556 703 didicerit.
591 644 628 702 Et
642 643 761 703 Petrus:
783 644 900 717 Nescis,
921 648 1022 729 inquit,
1044 668 1115 726 quo-

127 726 213 787 modo
233 728 371 800 dixerim,
393 726 445 788 sed
463 747 537 788 nuuc
555 738 586 787 te
605 748 662 807 ego
681 730 882 802 commonebo,
912 730 948 791 de
966 732 1113 792 voluntate

127 811 186 873 tinxi
206 824 236 873 et
254 815 377 873 consilio
395 810 454 886 dei,
476 831 558 893 qnam
577 814 677 873 habuit
693 816 854 895 prinsquam
877 814 996 875 mundus
1022 828 1112 889 esset,

127 908 158 959 et
185 916 240 977 que
260 898 382 958 considio
401 900 507 958 lecerit
525 898 667 971 mundum,
697 910 828 978 tempora
846 902 990 974 statuerit,
1019 902 1114 981 legem

127 984 254 1055 dederit,
280 982 361 1042 iustis
380 984 416 1043 ad
433 984 572 1044 bonorum
591 987 852 1062 remunerationem
871 987 993 1045 loturum
1013 1007 1115 1046 saecu·

127 1072 183 1129 lum
204 1070 380 1151 promiserit,
401 1069 512 1128 iniustis
531 1089 640 1151 poenas
659 1089 697 1129 ex
714 1068 812 1129 iudicii
836 1073 979 1130 sententie
1006 1084 1114 1131 statue-

127 1157 181 1226 rit3
204 1156 258 1213 boc
278 1174 334 1233 ego
354 1153 413 1213 dixi
432 1154 593 1229 consilium,
615 1163 644 1213 et
663 1156 736 1213 banc
754 1158 930 1215 voluntatem
948 1156 996 1215 dci
1013 1158 1048 1216 ab
1064 1158 1116 1216 bo·

127 1240 250 1299 minibus
269 1241 390 1299 inveniri
409 1260 466 1299 non
485 1257 580 1319 posse,
603 1242 668 1319 qnia
686 1260 769 1299 nemo
789 1240 931 1301 hominum
941 1252 1039 1321 potest
1048 1262 1114 1301 sen·

128 1346 189 1385 sum
209 1325 256 1384 dci
275 1324 451 1385 coniecturis
471 1336 500 1383 et
518 1326 718 1383 aestimatione
736 1327 889 1403 colligere,
909 1328 963 1385 nisi
974 1328 1116 1407 propbeta

128 1411 164 1470 ab
184 1430 221 1469 eo
239 1411 340 1469 missus
360 1412 506 1470 enunciet.
532 1408 598 1469 Non
618 1426 690 1487 crgo
709 1409 747 1469 de
765 1411 978 1489 quibuscunque
989 1411 1115 1491 discipli-

128 1498 173 1555 nis
201 1506 249 1554 aut
275 1494 376 1555 studiis
404 1495 474 1568 dixi,
504 1496 569 1574 quia
596 1496 720 1554 inveniri
739 1497 802 1554 sine
820 1494 962 1574 propbeta
980 1507 1030 1574 aut
1047 1499 1116 1556 sciri

129 1602 187 1640 non
207 1582 333 1660 possint,
355 1583 460 1660 quippe
480 1582 526 1659 qui
545 1581 632 1639 seiam
653 1590 682 1639 et
700 1580 822 1639 artificia
832 1591 863 1639 et
872 1580 1036 1659 disciplinas
1046 1585 1114 1642 seiri

130 1676 160 1725 et
180 1668 313 1725 exerceri
333 1666 367 1725 ub
387 1667 565 1736 bominibus,
594 1684 664 1744 quas
683 1676 739 1724 n'on
758 1686 775 1725 a
792 1684 863 1725 vero
881 1667 1034 1745 propbeta,
1063 1666 1116 1728 sed

129 1770 146 1810 a
164 1746 308 1829 magistris
327 1752 486 1810 bominibus
505 1749 671 1811 didicerint.

151 1890 153 1892 ,
173 1838 207 1896 2.
255 1838 394 1909 Quoniam
414 1856 485 1915 ergo
504 1846 533 1895 te
551 1837 699 1915 prolessns
717 1856 750 1896 es
768 1856 887 1915 gnarum
906 1856 972 1896 esse
994 1839 1115 1916 positio-

129 1924 173 1981 nis
193 1920 317 1981 siderum
337 1933 366 1981 et
386 1922 531 1980 stellarum
552 1938 662 1993 cursus,
684 1940 721 1981 ex
738 1923 1116 2001 qnibuseonvinceresssle·

129 2018 256 2067 mentem
283 2004 359 2086 dnnod
386 2009 487 2086 genesi
507 2010 600 2066 omnia
619 2004 796 2079 subiaceant,
817 2018 866 2067 aut
883 2007 919 2068 ab
936 2010 1001 2088 ipso
1020 2008 1117 2069 disee-

130 2112 193 2164 res,
213 2091 288 2171 quod
305 2112 358 2171 per
380 2092 589 2172 providentiam
606 2103 748 2171 reguntur
764 2095 900 2153 universa
918 2104 949 2153 et
967 2105 1012 2153 est
1028 2097 1115 2153 etiam

131 2176 238 2257 aliquid
256 2179 284 2236 ln
304 2178 397 2250 nobis,
418 2179 473 2237 hoc
493 2177 632 2258 expedire
649 2199 702 2238 vos
721 2180 866 2238 convenit.
912 2177 960 2238 Ad
978 2180 1050 2238 buce
1069 2201 1133 2241 se·.

130 2283 188 2324 nex
206 2264 374 2344 respondit:
394 2264 451 2322 Iam
470 2263 584 2343 quidem
602 2265 796 2322 necessarium
811 2273 944 2322 nouerat
957 2263 1116 2324 buinsmodi

130 2344 247 2409 niovere
258 2350 453 2428 quaestiones,
474 2350 497 2406 si
507 2347 644 2428 possibile
659 2358 738 2407 esset
755 2348 838 2406 uobis
856 2367 873 2407 a
890 2364 961 2407 vero
975 2349 1117 2428 propheta

132 2433 247 2494 discere
267 2445 296 2494 et
311 2433 410 2494 audire
421 2433 539 2493 delinita
557 2435 712 2503 sententia,
733 2434 799 2512 quia
818 2433 856 2490 sit·
872 2431 979 2512 aliquid
995 2433 1116 2493 innubis

131 2521 208 2580 etin
226 2519 336 2580 arbitrii
355 2521 476 2601 positum
495 2518 644 2591 libertate3
674 2515 760 2577 valde
783 2518 857 2576 enirn
876 2537 921 2576 me
939 2535 1038 2577 sermo·
1052 2529 1116 2578 tuns

131 2607 220 2665 movit
246 2607 409 2676 hesternus,
438 2606 468 2662 in
495 2623 550 2682 quo
570 2602 606 2662 de
632 2605 740 2662 virtute
766 2603 934 2690 prophetica
953 2602 1113 2682 disputasti.

132 2689 214 2750 Unde
234 2702 263 2750 et
282 2711 338 2770 ego
358 2691 485 2749 assentio
504 2700 534 2748 et
553 2689 691 2747 confirmo
710 2691 977 2760 sententiamtuam,
998 2690 1117 2768 qniuni⁶

130 2776 170 2835 bil
189 2786 285 2856 potest
303 2776 338 2835 ab
356 2775 473 2834 homine
490 2786 599 2834 certum
610 2772 852 2853 indubitatumque
866 2771 1017 2852 cognosci,
1030 2776 1117 2835 cuiet

132 2863 266 2940 exiguum
285 2863 362 2921 vitae
380 2872 490 2940 tempus
510 2871 554 2920 est
572 2871 602 2920 et
618 2860 709 2920 breve
728 2876 762 2919 ac
780 2871 869 2920 tenne
883 2862 1038 2939 spiramen,
1060 2879 1115 2940 quo

130 2948 253 3006 retineri
272 2945 385 3006 videtur
403 2947 431 3004 in
455 2947 526 3004 vita.
571 2945 768 3004 Veruntamen
795 2947 928 3024 «moniam
954 2947 1116 3024 prinsquam

132 3031 169 3090 de
188 3029 359 3108 prophetica
376 3033 484 3090 virtute
501 3028 606 3110 aliquid
625 3028 765 3102 audirem,
784 3029 1116 3108 pollicitusridcorCle-

132 3115 232 3185 ruenti,
252 3125 284 3172 ut
301 3115 496 3187 ostenderem,
518 3117 582 3194 quia
600 3116 696 3173 omnia
713 3115 843 3174 subiecta
861 3127 926 3174 sunt
934 3107 1047 3194 genesi,
1068 3122 1117 3174 aut

132 3201 169 3261 ab
188 3201 249 3279 ipso
269 3198 423 3272 discerem,
444 3201 512 3279 quia
531 3205 576 3259 est
592 3198 700 3280 aliquid
718 3202 786 3260 etin
796 3200 889 3271 nobis,
908 3210 1040 3280 praestet
1049 3201 1114 3259 min'i

132 3287 241 3366 ipsein
261 3285 315 3344 boc
335 3287 458 3362 gratiam
473 3295 504 3345 ut
522 3287 628 3364 primus
647 3286 765 3364 incipiat
792 3297 822 3344 et
848 3304 921 3366 quae
944 3285 1032 3344 obiici
1049 3305 1117 3365 pos·

133 3381 208 3441 sunt,
229 3381 370 3450 proponat
389 3383 418 3430 et
435 3371 580 3445 absolvam
602 3390 658 3449 ego
678 3369 764 3442 enim,
780 3389 823 3438 ,ex
851 3389 908 3450 quo
934 3371 1033 3449 paneis
1051 3391 1069 3429 a
1086 3381 1116 3430 te

133 3455 226 3516 audivi
254 3455 291 3515 de
317 3457 424 3516 virtute
450 3457 631 3535 prophetiae,
660 3455 885 3534 magnitudinem
903 3456 1116 3534 praescientiae

135 3540 321 3600 considerans
341 3541 473 3620 obstupui
491 3542 598 3613 fateor,
618 3547 674 3600 nec
693 3542 807 3599 omnino
822 3540 1020 3619 recipiendum
1037 3542 1116 3618 quic·

135 3643 216 3705 quam
235 3645 354 3699 censeo,
376 3624 452 3706 quod
471 3627 646 3684 coniecturis
666 3635 697 3684 et
713 3627 915 3685 aestimatione
931 3625 1089 3702 colligitur.

176 3706 211 3769 5.
258 3711 296 3768 ut
314 3729 379 3772 cum,
395 3713 468 3770 haec
487 3729 577 3770 senex
596 3709 726 3782 dixisset,
748 3726 805 3789 ege
816 3711 949 3769 Clemens
959 3708 1059 3768 dicere
1077 3711 1118 3768 ita

135 3797 236 3874 coepi:
257 3793 335 3855 Deus
353 3815 407 3875 per
425 3797 511 3856 lilium
530 3815 609 3855 snum
628 3796 739 3855 creavit
756 3794 886 3854 mundum
913 3805 1047 3873 tanquam
1067 3794 1119 3854 du·
1168 3807 1173 3817 ’

133 3881 238 3960 plicem
258 3878 381 3954 domum,
401 3883 555 3941 interiectu
574 3881 743 3940 firmamenti
761 3881 843 3940 huius
860 3878 936 3960 qnod
946 3880 1057 3939 coelum
1067 3899 1119 3960 ap·

133 3957 257 4046 pellatur
275 3964 449 4039 distinctam,
469 3977 501 4026 et
517 3967 546 4025 in
556 3967 699 4046 superiori
709 3965 825 4045 quidem·
832 3966 981 4044 angelicus
988 3965 1107 4026 habitur
