2634 4400
587 242 633 304 aa

502 337 715 350 -η--οι-οιαι-

114 452 215 531 ntique
234 446 385 511 absurdum
404 459 460 522 cst,
481 399 722 528 cun'nequatusr
738 449 776 508 sit
793 447 865 508 deus
882 450 1017 520 omniurn,
1041 467 1099 510 nou

115 549 217 596 ornnes
235 528 395 614 aequaliter
412 553 497 613 posse
516 534 734 594 voluntatens
707 554 769 594 erus
786 553 960 611 agnoscere
992 535 1031 596 Et
1044 533 1100 594 Pe·

114 632 194 680 trus:
214 618 372 699 Aequales,
392 619 494 700 inquit,
515 637 614 679 onrnes
631 617 667 677 als
685 639 723 678 ee
742 619 810 678 lacti
828 630 904 690 sunt,
924 631 956 680 et
971 620 1100 698 aequali·

115 717 164 766 ter
181 707 294 764 cunetis
312 703 392 764 dedit
410 723 533 784 capaces
551 723 616 764 esse
633 703 775 764 veritatis.
821 703 929 764 Veruun
947 703 1023 784 quod
1036 704 1099 764 nul·

115 783 160 850 lus
178 809 277 849 eorum
297 789 344 868 qui
362 788 421 849 nati
439 800 514 861 suut,
535 786 663 848 eruditus
689 799 772 848 natus
796 789 844 859 sit,
873 786 926 849 sed
953 790 1100 868 posterior

116 877 155 934 sit
172 875 320 934 nativitate
340 873 476 946 eruditio,
497 873 565 933 nulli
584 872 697 934 dulium
716 883 771 934 cst.
818 873 888 934 Cum
910 874 999 952 igitur
1024 875 1100 932 uati·

115 959 189 1020 vitas
207 958 377 1018 hominurn
369 979 397 1016 ιι
416 976 452 1018 eo
471 967 570 1018 tenent
586 959 775 1038 aequitatem,
803 968 835 1018 ιιι
851 978 951 1018 omnes
968 959 1099 1018 similiter

116 1043 325 1124 percipiendae
352 1041 521 1122 disciplinae
549 1062 671 1123 capaces
697 1045 765 1115 siut,
794 1063 850 1102 uon
874 1055 920 1102 est
937 1045 966 1102 in
984 1054 1097 1114 natura,

116 1127 169 1188 sed
188 1130 216 1186 in
235 1127 398 1187 eruditione
417 1127 578 1187 diversitas.
607 1127 684 1188 ⁴Aut
701 1130 764 1207 quis
777 1128 881 1199 nescit,
893 1127 968 1206 quod
980 1145 1098 1208 eaquae

115 1214 308 1292 unusquisque
328 1208 440 1284 didicit,
460 1213 621 1292 priusquam
640 1211 780 1285 disceret,
800 1213 969 1290 ignorabutl
995 1211 1034 1272 Et
1052 1213 1099 1272 Si·

115 1317 199 1356 ιιιοιιι
221 1298 310 1368 Vere,
331 1297 433 1377 inquit,
453 1296 536 1356 dieis.
581 1297 651 1357 Τιιιιι
671 1297 788 1358 Petrus:
809 1298 841 1356 Si
860 1317 933 1376 ergo
951 1298 980 1356 in
999 1297 1099 1358 lisur-

115 1382 192 1442 tilsus
210 1401 279 1462 quns
297 1401 364 1440 ιιιιιι
382 1383 538 1442 communis
557 1381 654 1454 halet,
674 1383 765 1461 priruo
781 1379 911 1453 discitur,
931 1380 1035 1442 deiude
1046 1380 1099 1442 do-

116 1478 216 1540 cetur,
238 1478 351 1567 quanto
378 1467 468 1544 magis
495 1477 612 1544 oportet
633 1467 752 1546 eosqui
778 1465 941 1526 eruditores
958 1486 990 1526 se
1009 1467 1098 1546 proli·

114 1561 214 1612 tentor
231 1553 399 1622 animarum,
419 1550 509 1630 prirno
525 1550 655 1638 discere,
676 1561 707 1611 et
723 1552 762 1610 ita
781 1549 901 1621 docere,
920 1551 1099 1610 neeumsint

115 1637 170 1717 ipsi
199 1637 334 1715 imperiti,
362 1635 512 1695 ridiculum
525 1623 681 1707 videatur,
710 1636 735 1694 si
761 1637 826 1696 aliis
852 1654 885 1694 so
908 1637 1098 1715 praestituros

115 1723 266 1781 scientiam
284 1721 497 1800 repromittant.
541 1720 611 1781 Tum
638 1719 754 1780 Simon:
783 1719 814 1780 lu
840 1720 965 1791 atibus,
993 1721 1095 1801 iuquit,

114 1806 160 1866 lis
179 1826 252 1887 quae
271 1826 337 1866 usus
356 1807 511 1865 communis
530 1805 626 1878 habet,
646 1824 745 1866 verunt
764 1815 824 1878 est,
845 1802 920 1905 quod
948 1805 1098 1886 unusquis·
1136 1815 1139 1824 '

115 1911 171 1970 que
190 1893 244 1950 nisi
263 1890 409 1962 didicerit,
430 1892 581 1966 nesciat,
572 1911 602 1950 ιι
624 1890 714 1951 verlso
739 1909 810 1950 vero
836 1890 977 1951 scientiae
1003 1890 1098 1975 statim

114 1988 147 2035 ιιι
165 1974 289 2036 auslierit
306 1976 379 2056 quia,
400 1973 511 2034 didicit.

158 2061 219 2121 att.
266 2060 302 2120 lit
321 2061 437 2120 Petrust
459 2058 491 2122 Si
510 2059 622 2140 quiden
640 2056 841 2140 perordinem
859 2069 891 2121 et
916 2079 1098 2141 consequen·

114 2151 162 2207 ter
179 2145 287 2219 audiat,
308 2139 407 2225 potest
423 2145 500 2207 scire
519 2145 594 2225 quod
611 2165 709 2206 verunr
728 2156 784 2218 est,
808 2144 861 2206 sed
888 2147 935 2225 qui
961 2143 1098 2207 eruenda·

114 2232 198 2291 tionis
225 2233 300 2291 vitae
327 2230 455 2331 regulam
484 2228 768 2309 conversationisque
795 2229 927 2291 castioris
949 2230 1098 2330 suscipere

115 2327 243 2387 recusat,
272 2336 345 2395 quae
365 2317 461 2394 utique
488 2315 607 2394 sequela
633 2326 680 2373 est
695 2316 835 2376 scientiae
858 2316 999 2385 veritatis,
1019 2316 1097 2374 scire

114 2420 147 2461 se
167 2398 243 2480 quod
260 2402 327 2472 scit,
348 2420 405 2460 non
423 2400 483 2459 vult
500 2401 597 2459 lateri.
644 2398 726 2459 Sicut
743 2399 829 2459 etiarn
847 2400 999 2459 nonnullos
1016 2399 1099 2460 vide·

114 2502 187 2558 tuus,
210 2488 255 2565 qui
274 2486 381 2545 artibus
401 2498 470 2565 quas
488 2502 505 2543 a
522 2504 613 2565 puero
625 2481 786 2545 didicerant
800 2483 958 2555 derelictis,
979 2480 1098 2544 adalios

114 2590 147 2631 se
175 2581 256 2630 uetus
284 2572 448 2643 conterunt,
478 2580 508 2629 et
534 2579 565 2629 ut
583 2570 731 2629 excusatio
749 2570 788 2628 sit
805 2570 848 2629 eis
866 2567 995 2630 desidiae
1012 2588 1096 2641 suae,

115 2656 162 2715 cul
183 2674 233 2715 are
260 2656 400 2735 incipiunt
425 2666 515 2714 artem
542 2655 621 2714 velut
646 2656 863 2714 infructuosam.
916 2653 955 2713 Ει
978 2652 1095 2713 Simone

114 2678 265 2804 Delercnt
283 2760 382 2801 ornnes
400 2736 549 2799 audientes
567 2738 691 2799 credere
708 2759 805 2799 verurn
826 2758 903 2811 esse,
923 2734 1000 2820 quod
1017 2736 1098 2799 nudi·

114 2829 184 2886 unt?
215 2826 283 2885 Tum
311 2826 427 2887 Petruss
458 2825 511 2899 Qui
537 2822 682 2886 audierint
706 2844 761 2908 per
786 2823 916 2883 ordinem
935 2843 1097 2885 sermonem

113 2913 257 2983 veritatis,
278 2908 479 2970 contradicere
490 2912 671 2969 omniuouon
686 2920 816 2988 possunt,
836 2908 1097 2969 scdseiuntveruun

114 3015 180 3073 esse
200 2994 276 3075 quod
294 2994 410 3065 dicitur,
439 2996 462 3053 si
481 3005 576 3055 ιιιιιιι
603 2995 728 3053 libenter
754 2993 839 3053 etiarn
866 2995 942 3053 vitae
969 2995 1098 3052 instituta

115 3082 283 3157 suscipiant.
331 3077 390 3159 llos
408 3096 479 3137 vero
497 3098 568 3155 qnos
586 3076 736 3137 audientes
754 3077 791 3135 ad
809 3078 884 3137 bona
910 3096 1001 3155 opera
1028 3096 1098 3135 coo·

114 3167 194 3225 lerre
222 3181 254 3221 se
281 3148 373 3240 piget,
402 3162 475 3221 male
502 3160 606 3239 agendi
635 3159 724 3219 libido
750 3163 939 3239 acquiescere
963 3162 1097 3238 hisquae

114 3260 198 3309 recta
216 3246 354 3319 iudicant,
375 3267 431 3306 nou
448 3246 527 3305 sinit.
575 3244 656 3305 Unde
676 3243 837 3305 ostenditur
854 3246 987 3343 positura·
986 3259 1051 3303 esse
1069 3246 1098 3303 iu

115 3333 276 3393 auditorum
294 3342 450 3412 potestate,
471 3332 582 3409 eligere
601 3341 692 3389 ιιιιιιιιι
711 3330 821 3389 malint.
867 3327 987 3403 Quod
964 3349 1098 3391 somnes
1174 3331 1177 3340 '

116 3420 164 3497 qui
182 3416 309 3488 audiunt,
331 3415 494 3487 obedirent,
515 3426 633 3475 naturae
644 3416 736 3493 magis
746 3425 824 3474 esset
833 3416 1003 3486 necessitas,
1023 3433 1097 3493 quae

115 3523 172 3562 una
191 3520 289 3561 omnes
307 3512 410 3579 ageret
428 3502 483 3561 via.
531 3500 613 3560 Sicut
630 3502 706 3561 enin
723 3499 838 3559 suaderi
850 3502 912 3579 quis
921 3520 978 3559 nou
987 3511 1095 3578 potest,
1175 3504 1186 3581 s

115 3599 148 3646 nt
165 3588 215 3645 liat
232 3586 349 3647 brevior
366 3596 415 3644 unt
432 3586 559 3663 longior,
580 3587 645 3666 quia
664 3606 721 3644 ιιοι
739 3582 868 3645 sinitris
894 3596 1028 3655 naturae,
1057 3586 1097 3643 ita

116 3682 147 3732 et
165 3670 201 3730 ad
218 3673 378 3742 veritatem,
399 3672 424 3731 si
442 3690 542 3729 omnes
558 3670 648 3731 verbo
668 3680 907 3729 converterentur
932 3679 981 3729 aut
998 3688 1097 3731 omnes

116 3777 173 3815 non
193 3766 444 3827 converterentur,
464 3766 582 3837 ιιιιιιιι
602 3766 681 3815 ιιιιι
697 3756 752 3825 vis,
772 3772 846 3833 qaae
865 3752 990 3832 cogebat
1007 3752 1097 3811 verlro

116 3858 216 3900 omnes
234 3842 363 3901 converti
383 3851 431 3901 out
448 3841 553 3901 nullum
572 3840 686 3900 ιιιιιίιι
705 3839 847 3901 converti.
