2634 4400
601 235 668 296 tte
704 230 710 239 ’

526 331 740 344 m

148 476 151 482 ‚
183 439 218 500 d.
236 443 263 513 ¹)
310 437 391 500 Unde
410 443 520 520 etipse
540 444 586 520 qui
606 444 682 502 misit
700 463 764 516 nos,
785 465 848 504 curn
866 450 994 508 venisset
1015 460 1046 507 et
1062 469 1123 508 orn-

141 545 206 584 nem
225 524 356 607 mundum
374 524 494 586 vidisset
512 526 547 586 nd
566 528 699 588 malitiam
718 528 891 604 declinasse,
911 555 967 591 non
986 536 1123 594 continno

141 630 244 689 pacem
263 613 290 668 ei
310 613 337 668 in
357 611 504 671 erroribus
522 613 617 690 posito
636 611 727 686 dedit,
756 635 792 675 ne
812 636 875 676 enm
894 618 1077 676 confirmaret
1094 620 1123 676 ia

140 697 234 766 maiis,
255 694 307 759 sed
325 697 587 774 ignorantiaeeius
602 698 696 756 ‘ruinis
713 701 863 760 seientiam
883 703 1014 762 veritatis
1032 723 1124 780 eppo-

141 781 208 850 suit,
230 791 261 838 ut
278 781 302 838 si
321 782 397 854 ferte
417 782 623 859 resipiscerent
641 793 671 841 et
684 784 777 843 iumen
787 787 916 845 veritatis
925 785 1121 866 adspicerent,
1183 823 1191 836 ι

141 863 281 943 deceptos
300 884 332 923 se
351 875 381 940 et
398 865 426 924 in
445 866 615 945 praecipitia
633 869 743 928 erroris
761 869 922 929 abstractos
949 872 1051 929 merito
1071 869 1124 928 do-

114 975 120 994 .
140 951 247 1020 ierent,
269 960 298 1006 et
316 948 482 1008 iracundiae
500 951 631 1010 salutaris
649 952 747 1028 ignem
763 952 913 1013 adversum
927 955 1124 1034 deceptricem

140 1037 184 1092 sui
208 1035 397 1112 conciperent
423 1035 622 1111 ignorantiam.
671 1035 713 1096 et
740 1039 795 1097 hoe
822 1041 919 1118 itaque
946 1038 1077 1098 dicebat:
1093 1041 1122 1110 ²)

139 1119 240 1196 Ignem
259 1120 324 1178 veni
342 1120 456 1178 mittere
474 1121 503 1177 in
521 1131 637 1191 terram,
658 1135 691 1180 et
708 1142 789 1200 qnam
807 1125 873 1182 vodo
891 1136 922 1183 ut
934 1124 1120 1185 accendatur.

136 1203 192 1262 Est
211 1222 398 1281 ergorpngna
417 1202 565 1282 quaedam,
587 1225 662 1283 quae
679 1206 808 1282 gerenda
829 1209 913 1267 nobis
941 1219 987 1268 est
1011 1210 1040 1266 in
1068 1208 1122 1267 hae

138 1290 214 1359 vitu3
245 1307 339 1350 sermo
367 1289 442 1348 eninr
470 1290 598 1353 veritatis
617 1301 647 1348 et
665 1291 804 1350 scientiae
823 1295 990 1352 necessarie
1009 1304 1124 1370 separat
1186 1332 1188 1335 -

138 1372 270 1432 homines
288 1372 323 1430 ab
342 1385 444 1432 errore
464 1385 493 1432 et
511 1374 690 1450 ignorantia,
711 1376 786 1435 sient
811 1395 900 1454 saepe
926 1376 1045 1434 vidimus
1072 1398 1123 1454 pn-

139 1459 278 1516 trefactas
297 1469 327 1516 et
344 1469 488 1532 emortuas
507 1459 639 1536 eorporis
658 1478 772 1529 carnes,
791 1477 809 1516 a
828 1461 1008 1519 connexione
1024 1462 1123 1518 viven-

138 1543 208 1601 tium
227 1543 416 1606 membrorum
435 1544 515 1607 ferro
543 1553 661 1601 secante
689 1544 827 1622 separari.
873 1545 943 1603 Taie
970 1564 1043 1622 ergo
1070 1545 1123 1602 aii-

139 1625 270 1705 quidest
289 1626 364 1706 quod
382 1629 442 1704 agit
460 1627 589 1686 veritatis
615 1628 742 1704 agnitio;
770 1647 893 1688 neeesse
921 1640 965 1688 est
990 1630 1066 1688 eninr
1082 1641 1123 1708 ‘ut

139 1711 242 1772 salutis.
258 1731 358 1772 caussa
377 1713 465 1782 filius,
487 1711 567 1774 verbi
593 1713 689 1788 gratia
716 1714 948 1792 quisermonenr
975 1715 1123 1792 receperit
1168 1783 1174 1793 ‚

138 1797 281 1866 veritatis,
302 1816 318 1855 a
335 1797 501 1875 parentibus
520 1807 670 1874 separetur
687 1797 856 1869 increduiia·
875 1811 925 1858 aut
946 1819 1058 1858 rursum
1071 1819 1122 1876 pa-

141 1893 186 1951 ter
204 1893 391 1959 separetura
409 1881 480 1951 filio,
501 1892 550 1940 ant
567 1881 625 1940 fllia
639 1901 660 1946 ¹a
677 1894 781 1956 matre.
814 1883 852 1944 Et
868 1884 925 1945 hoc
943 1881 1028 1943 modo
1041 1880 1124 1944 iuter

137 1957 314 2045 propinques
332 1978 363 2026 et
381 1967 612 2042 consanguineos
639 1967 795 2028 eredentes
827 1980 913 2048 atque
940 1965 1119 2037 incredulos,

138 2052 279 2110 scientiae
299 2062 328 2110 et
354 2053 536 2128 ignorantiae
563 2054 751 2132 veritatisque
771 2064 801 2112 et
819 2056 928 2114 erroris
947 2072 1122 2132 pugnacon-

137 2137 242 2215 surgit.
288 2135 326 2194 Et
345 2135 381 2194 ob
399 2137 454 2204 hoc
472 2137 575 2199 iterum
593 2136 710 2203 dicebat
736 2140 783 2217 qui
811 2159 863 2196 nos
886 2139 977 2198 misit:
993 2140 1022 2212 ³)
1055 2136 1121 2196 Non

138 2223 205 2281 veni
223 2240 324 2299 pacem
342 2222 457 2281 mittere
476 2222 505 2287 in
523 2233 630 2282 terram
648 2222 701 2281 sed
719 2221 855 2299 gladium.

149 2372 152 2375 ,
180 2304 215 2363 5.
263 2305 370 2379 Quodsi
389 2306 459 2365 dicit
470 2307 594 2384 aliquis,
615 2316 645 2367 et
664 2326 719 2385 quo
737 2304 823 2364 modo
841 2306 1122 2366 iustumvideturse·

75 2462 81 2471 ο
137 2391 235 2470 parari
252 2412 270 2449 a
287 2391 472 2470 parentibus?
490 2390 556 2449 audi
575 2411 630 2468 quo
648 2387 750 2449 modo:
780 2392 845 2469 qnia
870 2393 894 2450 si
921 2412 985 2450 curn
1007 2393 1075 2469 ipsis
1093 2393 1121 2449 in

37 2506 41 2515 ·
139 2494 241 2535 errore
260 2487 458 2555 permaneant,
479 2494 572 2554 neque
591 2476 647 2559 iliis
666 2474 835 2555 proderunt,
860 2487 896 2534 ‘et
913 2477 967 2555 ipsi
985 2496 1048 2535 cem
1067 2475 1122 2534 iilis

138 2562 248 2639 pariter
265 2560 431 2619 interibunt.
479 2560 584 2619 lustum
603 2563 692 2638 igitur
709 2572 739 2620 et
756 2559 838 2620 vaide
856 2562 958 2621 iustum
985 2571 1045 2630 est,
1075 2578 1122 2618 se-

138 2646 234 2723 parari
253 2666 316 2705 eum
336 2648 382 2725 qui
401 2646 505 2711 salvari
523 2647 593 2716 vult,
615 2646 706 2705 abeo
727 2649 776 2724 qui
803 2668 860 2711 noa
886 2646 956 2708 vult.
1004 2642 1064 2703 Sed
1092 2656 1123 2702 et

138 2730 207 2797 iliud
225 2729 355 2803 adverte,
372 2732 441 2811 vquie
460 2750 516 2799 uon
536 2748 573 2791 ex
591 2731 646 2796 illis
666 2732 713 2808 qui
731 2732 839 2792 rectius
857 2732 1020 2807 intelligunt
1043 2729 1122 2792 venit

139 2817 194 2873 ista
211 2818 368 2893 separatio,
390 2816 430 2881 itti
449 2816 524 2884 euim
542 2816 640 2873 volunt
657 2835 724 2882 esse
742 2817 851 2893 pariter
870 2826 900 2874 ot
917 2814 1121 2894 prodossoeis

137 2910 168 2959 et
187 2898 444 2969 decernentium,
465 2898 516 2967 sed
534 2910 579 2967 esi
596 2898 673 2967 istud
699 2901 844 2978 proprium
870 2901 1063 2976 ignorantiae·
1077 2898 1120 2956 vi-.

138 2986 220 3050 tium,
240 2976 272 3038 ut
289 2984 483 3053 confutantem
502 3001 533 3045 se
543 2984 673 3050 veritatis
682 2985 776 3049 iucem
790 3004 847 3041 non
865 2984 941 3049 ierat
958 2984 1067 3047 hahere
1078 2979 1120 3043 ,de

137 3066 282 3146 proximo,
301 3076 333 3122 at
350 3066 417 3125 ideo
437 3086 474 3127 ex
492 3067 548 3133 iilis
566 3068 622 3125 ista
640 3068 768 3130 nascitur
784 3068 942 3143 separatio.
989 3064 1121 3141 Numqui

138 3150 440 3221 scientiamtveritatis
453 3152 608 3229 accipiunt,
630 3152 696 3230 quia
714 3150 849 3215 bonitatis
871 3150 955 3227 plena
973 3160 1029 3218 est,
1058 3159 1121 3211 tan:
1215 3208 1218 3211 .

138 3254 220 3314 quarn
238 3254 255 3292 a
273 3234 349 3293 bono
369 3230 424 3304 deo
444 3234 535 3305 datam
564 3237 682 3313 eupiunt
704 3255 766 3298 carn
793 3236 817 3293 si
844 3234 908 3295 ficri
932 3242 1030 3311 potest
1057 3251 1121 3291 eum

139 3319 267 3379 erunibus
286 3318 394 3391 habere
414 3339 601 3391 communem,
622 3319 707 3379 etiam
726 3338 789 3377 eura
808 3318 851 3376 his
869 3320 917 3395 qui
936 3316 1120 3384 odernnteos

138 3414 169 3461 et
186 3415 411 3481 persequuntur3
432 3404 526 3461 sciunt
544 3405 630 3475 enirn,
652 3406 718 3482 quie
736 3404 852 3481 peccati
874 3404 1000 3479 ipserum
1011 3422 1120 3473 *caussa

138 3489 301 3565 ignorantia
319 3500 374 3559 est,
422 3488 580 3567 Propterea
598 3486 722 3573 denique
740 3488 802 3567 ipse
820 3488 972 3566 magister,
998 3506 1061 3548 eum
1082 3486 1119 3544 ab

136 3648 349 3659 ..υ-Ἢ

175 3707 200 3765 ¹)
217 3708 292 3761 Quae
311 3724 366 3769 cap.
383 3713 400 3755 4
418 3736 451 3747 —-
470 3711 510 3756 14.
530 3709 557 3755 in
575 3710 629 3755 edd.
647 3710 782 3769 leguntur,
806 3710 898 3762 denunt
920 3708 946 3753 in
970 3707 1040 3753 codd.
1059 3720 1118 3774 ruse
1190 3719 1193 3723 ·

137 3778 280 3899 hidiae.
301 3846 342 3905 aa,
360 3846 402 3922 an
473 3832 498 3905 3’)
515 3845 608 3903 arpen.
628 3847 669 3906 ao,
688 3846 728 3900 ει,
