2634 4400
195 436 226 485 ut
244 443 281 483 ex
298 433 420 501 utroque
439 418 531 499 possit
556 436 654 476 rursus
678 426 812 474 constare
833 416 1006 494 posteritas.
1054 410 1130 472 Setl³
1142 432 1181 473 ne

195 522 226 570 nt
243 519 342 589 putant
359 504 500 575 homines,
521 502 689 562 riderentur
706 502 779 560 baec
797 511 917 558 naturae
935 496 1058 577 quodam
1076 499 1182 558 ordine

196 606 226 655 et
244 613 300 653 uon
319 591 533 670 dispensatione
551 589 615 647 lieri
634 586 805 657 conditoris,
825 604 917 663 pauca
934 583 1073 663 quaedam
1090 584 1183 643 ailin-
1241 584 1248 593 '

197 680 301 739 licium
329 689 360 737 et
386 676 586 735 documentum
613 672 813 753 providentiae
840 689 921 741 suae,
950 680 1059 729 mutato
1078 668 1182 729 ordine

196 785 287 845 genus
305 781 422 823 servare
441 762 523 820 iussit
540 761 569 817 in
587 760 692 828 terris,
712 758 794 815 verbi
812 758 907 834 gratia
929 766 960 813 ut
986 773 1043 834 per
1058 774 1092 813 os
1110 774 1183 814 eou-

197 854 309 930 eiperet
326 866 441 920 corvus,
462 856 492 905 et
510 864 564 925 per
585 864 683 903 aurem
710 843 830 902 mustela
856 851 1025 919 generaret,
1053 850 1086 899 nt
1111 860 1183 899 aves

197 935 349 996 nonnullae
367 936 442 991 sicut
460 932 594 1010 gallinae,
613 927 757 987 interilum
779 946 833 985 ova
859 928 905 985 rel
931 936 1019 985 vento
1046 926 1091 985 uel
1118 926 1184 1005 pul·

196 1040 266 1082 vere
285 1029 428 1097 concepta
446 1026 595 1096 parerent,
615 1016 672 1073 alia
690 1012 827 1092 quaedam
845 1012 979 1071 animalia
1003 1030 1112 1092 marens
1136 1012 1185 1069 vi·

198 1108 278 1167 cibus
296 1106 414 1163 alternis
432 1104 460 1161 in
478 1103 611 1161 feminam
629 1108 779 1158 verterent
796 1108 827 1157 et
844 1118 942 1157 sexum
960 1098 1185 1175 peranuossin-

198 1192 280 1271 gulos
299 1198 516 1259 commutarent,
536 1197 567 1245 ut
585 1187 701 1264 lepores
719 1195 749 1243 et
766 1184 909 1262 hyaenae,
931 1199 1000 1261 quas
1016 1182 1116 1240 beluas
1129 1201 1184 1243 vo·

198 1286 279 1347 cant,
300 1275 356 1335 alia
374 1274 458 1333 etiam
478 1290 515 1331 ex
533 1282 612 1331 terra
629 1271 777 1329 orirentur
788 1280 874 1347 atque
884 1267 952 1326 iude
960 1278 1108 1326 sumerent
1117 1286 1185 1324 car·

197 1380 275 1433 uem,
295 1372 326 1419 ut
343 1360 449 1439 talpae,
470 1358 526 1416 alia
544 1378 582 1415 ex
600 1357 711 1425 cinere,
732 1365 764 1413 ut
779 1356 913 1432 viperae,
935 1354 992 1411 alia
1019 1372 1057 1411 ex
1082 1362 1185 1431 putre·

196 1448 283 1507 fectis
302 1445 447 1515 carnibus,
466 1454 497 1502 ut
515 1461 621 1521 vespae
641 1441 754 1521 quictem
772 1441 899 1517 equinis,
928 1456 999 1516 apes
1016 1448 1110 1497 auten
1128 1438 1184 1497 bu-

197 1533 284 1604 bulis,
304 1532 361 1591 alia
378 1550 417 1589 ex
434 1530 500 1588 limo
518 1529 614 1598 boum,
642 1538 675 1585 ut
691 1524 850 1595 scarabaei,
880 1526 936 1582 alia
955 1542 992 1581 ex
1003 1522 1121 1590 barbis,
1151 1532 1186 1580 ut

199 1617 237 1678 ile
255 1618 349 1676 ocimo
368 1616 508 1694 scorpius,
543 1624 573 1672 et
590 1632 687 1671 rursus
706 1610 813 1690 berbae
831 1630 869 1668 ex
885 1608 1066 1678 animalibus,
1094 1619 1126 1667 ut
1144 1626 1185 1667 ex

200 1724 290 1765 eumn
310 1703 388 1761 cervi
406 1702 452 1759 vel
470 1717 577 1776 caprae
596 1698 651 1775 apii
672 1708 703 1755 et
720 1697 867 1774 asparagi.

242 1786 299 1849 26.
344 1786 382 1844 Et
399 1782 466 1862 quid
485 1802 556 1859 opus
575 1792 619 1840 est
637 1782 720 1859 plura
738 1798 924 1851 enumerare,
951 1780 983 1837 in
1010 1779 1111 1858 quibus
1137 1777 1184 1838 dt-

199 1877 267 1933 vina
283 1868 464 1950 providentia
482 1877 590 1925 mutato
609 1865 712 1925 ordine
730 1886 767 1926 eo
786 1867 833 1944 qui
851 1886 868 1924 a
886 1876 988 1936 natura
1007 1864 1184 1943 ‹latusputa-

137 2020 146 2043 ,
199 1970 257 2028 tur,
277 1950 448 2013 multimodis
467 1950 638 2009 ‹lill'ereutiis
656 1953 834 2010 nativitatem
857 1945 1018 2009 animalium
1047 1960 1183 2009 constare

199 2042 300 2109 voluit,
321 2055 358 2095 ex
376 2036 476 2113 quibus
495 2056 551 2095 nou
569 2036 777 2095 irrationabilis
794 2056 889 2095 rerum
900 2056 1010 2106 numus,
1031 2035 1084 2094 secl
1092 2035 1183 2115 ipsius

200 2123 381 2204 dispensatus
399 2122 512 2181 ratione
532 2119 706 2181 doceretur?
724 2119 783 2180 Aut
801 2141 856 2180 nou
877 2122 953 2181 et-iu
976 2121 1032 2179 boc
1050 2121 1184 2201 plenissi-

199 2229 272 2270 mum
292 2207 504 2268 demonstratur
522 2228 592 2288 opus
611 2207 725 2268 divinae
744 2206 955 2286 providentiae,
979 2206 1028 2266 ubi
1046 2218 1184 2266 exterra

200 2305 231 2355 et
248 2313 321 2373 aqua
340 2292 377 2354 ad
393 2295 480 2353 vitam
499 2295 640 2352 bominum
659 2295 769 2352 semina
786 2295 865 2352 iacta
890 2297 1079 2370 reparantur?
1107 2311 1182 2371 qnae

200 2399 263 2462 cum
281 2389 380 2438 terrae
398 2379 505 2440 luerint
524 2377 669 2449 mandata,
688 2378 836 2437 voluntate
863 2376 910 2437 ulei
933 2378 1080 2436 humorem
1098 2397 1183 2458 quern

201 2464 363 2542 susceperit
382 2463 478 2541 gleba,
500 2465 578 2524 velut
595 2463 733 2524 uberibus
755 2465 814 2522 suis
840 2464 994 2524 seminibus
1022 2464 1179 2539 immulget.

200 2549 291 2628 Aquis
310 2549 384 2606 enim
403 2549 478 2608 inest
497 2548 636 2627 quaedam
654 2550 698 2608 vis
715 2550 832 2627 spiritus
849 2567 867 2608 a
884 2547 941 2609 deo
959 2547 1019 2607 dati
1038 2567 1076 2608 ex
1084 2550 1180 2619 initio,

201 2634 281 2696 cuins
300 2649 389 2710 opere
408 2633 520 2692 babitus
538 2635 625 2694 futuri
645 2636 789 2713 corporis,
810 2635 838 2693 in
861 2635 924 2712 ipso
951 2636 1046 2695 statim
1073 2635 1182 2693 semine

200 2718 319 2777 formari
337 2717 437 2795 incipit
455 2729 485 2776 et
503 2737 557 2796 per
585 2719 706 2778 culmum
731 2721 898 2798 spicamque
923 2720 1052 2791 restitui3
1081 2730 1183 2797 turge-

198 2801 394 2862 luetoeteuim
406 2803 571 2862 exbumore
589 2807 726 2863 seminum
745 2824 848 2881 grano,
868 2815 1077 2882 perangustus
1096 2823 1183 2882 quos·
1280 2871 1290 2884 ι

201 2885 264 2946 dam
282 2905 417 2946 venarum
436 2898 546 2946 meatus
563 2891 605 2947 vis
623 2890 809 2967 illaspiritus,
830 2907 904 2968 quae
917 2891 1014 2948 inesse
1023 2889 1104 2968 aquis
1114 2888 1184 2948 lata

200 2982 255 3042 est,
276 2981 376 3050 utpote
394 2973 567 3051 incorporea
577 2985 790 3046 transcurrens,
811 2969 846 3032 ad
856 2976 1064 3033 incrementum
1072 2975 1182 3034 semina

200 3057 319 3116 suscitat
329 3067 359 3117 et
369 3060 559 3118 crescentium
575 3061 689 3138 species
702 3062 818 3119 format.
850 3058 1013 3118 blinisterio
1027 3061 1117 3136 igitur
1130 3060 1182 3123 bu·

115 3171 119 3182 ·
199 3140 267 3200 midi
277 3141 424 3214 elementi,
446 3146 491 3202 cui
501 3146 596 3203 vitalis
606 3147 654 3204 ille
665 3147 780 3224 spiritus
790 3146 890 3202 insitus
901 3163 1016 3223 semper
1024 3155 1054 3204 et
1068 3146 1183 3221 ingeni·

200 3237 244 3284 tus
255 3237 310 3298 est,
332 3227 458 3286 efficitur
467 3239 497 3286 ut
506 3249 563 3287 uon
573 3231 662 3289 solnm
673 3241 837 3308 reparetur,
857 3229 909 3287 seil
922 3241 954 3288 ut
971 3249 1025 3307 per
1038 3231 1132 3288 omnia
1142 3230 1183 3288 si-

199 3311 272 3370 milis
286 3314 401 3388 species
417 3322 446 3370 et
460 3313 551 3372 torma
561 3315 604 3374 bis
615 3333 688 3392 quae
699 3317 775 3373 iacta
785 3315 893 3373 iuemut
901 3315 1055 3374 seminibus
1064 3312 1179 3374 redeat.

200 3393 280 3466 Quae
288 3396 365 3453 ratio
376 3397 421 3453 eui
432 3397 603 3458 velbrevem
613 3417 726 3458 sensnm
737 3399 866 3471 babenti,
887 3418 942 3477 per
953 3400 1182 3459 irrationabilem

199 3487 341 3550 naturam,
362 3490 392 3539 et
405 3501 461 3540 nou
476 3503 531 3566 pap
544 3481 667 3544 divinam
682 3487 852 3563 sapientiam
867 3496 1003 3544 constare
1016 3484 1181 3544 videbitnrt

199 3561 330 3642 Denique
346 3565 431 3637 etiam
447 3567 519 3627 baec
535 3567 571 3628 acl
584 3569 795 3630 similitudinem
805 3571 945 3630 humanae
955 3563 1113 3629 nativitatis
1120 3571 1183 3628 lor·

197 3658 364 3722 matasuut3
384 3650 498 3712 videtur
507 3655 581 3712 enim
592 3666 672 3714 terra
680 3656 782 3715 vulvae
792 3657 886 3714 locum
895 3665 1010 3726 tenere,
1027 3656 1181 3714 cuisemen

199 3733 333 3792 iniectum
344 3753 398 3877 ppr
406 3755 498 3816 aquae
510 3749 539 3798 et
548 3741 665 3818 spiritus
674 3741 740 3812 vim,
757 3743 832 3799 sieut
840 3759 927 3818 snpra
936 3739 1069 3810 lirinum,
1081 3751 1110 3798 et
1119 3743 1181 3798 ior-

197 3827 330 3876 maturet
348 3819 446 3879 nitunt
