2634 4400
597 265 640 327 bl

512 359 726 371 t———-——fl

125 475 227 544 tutem,
257 473 351 531 omnia
377 473 431 530 tam
459 469 495 529 de
524 470 623 550 quibus
651 469 808 550 quaeritur,
829 472 920 532 oeniis
938 465 1108 547 videbimus,

125 564 259 637 tunquam
285 554 428 636 haeredes¹
454 557 576 616 omnium
603 556 684 615 facti.
732 556 887 636 intelligite
915 559 1010 637 itaque
1037 561 1110 618 tium

127 659 195 702 esse
222 644 296 701 bunc
322 637 399 700 vitae
426 647 542 700 nostroe
570 659 695 717 cursum,
724 643 850 702 viatores
874 659 940 722 eos,
969 636 1017 722 ‘qui
1035 643 1124 725 bona¹

127 743 217 806 opero
244 737 359 804 gerunt,
387 737 497 805 portam
524 744 621 785 verum
639 726 817 806 prophetam,
847 725 958 806 dequo
977 720 1108 810 dicimus,

125 811 226 870 urbem
245 825 364 889 regnum
383 823 460 882 esse,
480 811 509 870 io
528 831 584 892 qno
597 809 713 871 residet
723 813 902 890 omnipotens
912 824 1005 891 poter,
1027 832 1110 892 quem

127 897 183 956 soti
201 895 439 980 riderepossunt
457 895 484 953 hi
504 897 551 975 qni
574 894 677 956 mundo
704 907 770 954 sunt
796 895 896 956 eorde.
943 896 1010 957 Non
1037 915 1110 974 ergo

127 982 211 1040 nobis
231 980 355 1039 difficilis
373 980 505 1039 videatur
522 981 603 1039 buius
622 982 733 1040 itineris
752 980 843 1052 dabor,
864 974 929 1060 quio
938 983 966 1039 in
977 982 1033 1040 fine
1048 983 1111 1040 eius
1135 1048 1138 1055 ¹

128 1068 245 1145 requies
264 1067 334 1139 crit3
351 1068 378 1138 ¹)
403 1079 466 1124 narn
486 1067 594 1144 etipse
612 1084 698 1124 verus
716 1065 856 1144 propbeta
874 1066 909 1128 ab
919 1067 1001 1125 initio
1015 1064 1110 1125 mundi

127 1163 182 1231 per
199 1151 325 1209 secudum
344 1169 462 1228 currens
480 1151 598 1233 festinat
615 1149 652 1208 ad
669 1151 809 1228 requiem·
854 1149 948 1209 Adest
966 1144 1111 1209 enim-no-

103 1234 173 1294 .bis
192 1235 320 1294 omnibus
338 1233 450 1306 diebus,
479 1246 510 1293 et
536 1236 560 1293 si
588 1233 701 1314 qnando
728 1250 850 1294 neeesse
877 1240 922 1294 est
943 1245 1063 1314 apparet
1081 1245 1112 1294 et

128 1321 251 1398 corrigit
269 1337 332 1391 nos,
352 1321 384 1378 ut
402 1319 633 1398 obtemperantes
651 1319 707 1378 sibi
724 1318 854 1378 advitam
864 1318 1112 1398 perdueotootcr·
1204 1331 1211 1338 ‘

128 1426 204 1464 namt
250 1405 318 1485 Mea
345 1422 418 1482 ergo
444 1406 500 1468 isto
517 1405 662 1484 sententie
680 1415 736 1473 esta
757 1405 832 1484 sicut
849 1415 880 1463 ot
895 1419 967 1463 vero
985 1404 1113 1484 prophe·

128 1493 177 1549 tue
191 1493 280 1568 visum
300 1500 355 1561 est,
376 1500 407 1548 ut
423 1491 514 1568 primo
533 1487 570 1546 de
589 1483 697 1547 iustitia
714 1488 887 1566 requiratur,
907 1487 1005 1559 abbis
1023 1489 1112 1548 maxi-

127 1594 174 1634 me
194 1577 240 1654 qui
260 1573 342 1634 deum
360 1593 393 1633 se
411 1592 497 1633 nosse
515 1573 697 1652 profitentur.
744 1572 776 1630 Si
800 1591 871 1650 ergo
898 1572 984 1656 babet
1009 1572 1112 1651 aliquis

128 1658 205 1738 quod
225 1677 290 1719 esse
307 1659 415 1718 rectius
433 1669 528 1738 putet,
553 1657 631 1717 dieat
656 1667 767 1716 etcum
786 1655 893 1716 dixerit
917 1653 1030 1728 audiat,
1059 1654 1112 1715 sed

129 1763 193 1803 curn
211 1745 347 1824 patientie
367 1754 397 1802 ct
415 1744 522 1822 quietes
569 1742 692 1822 Propter
709 1742 764 1801 boc
783 1743 858 1801 enirn
876 1741 1016 1814 obtritio,
1037 1741 1112 1800 sato-

127 1831 245 1888 tationis
264 1829 362 1908 speeie
380 1847 480 1907 pacem
500 1829 610 1886 eunetis
627 1826 762 1905 procubus
780 1846 853 1886 sum.
965 1885 970 1892 ,

173 1913 229 1974 tto.
275 1912 323 1972 Ad
340 1911 413 1972 baec
433 1912 531 1972 Simon
550 1911 713 1990 respondit:
738 1910 801 1971 Nos
818 1926 890 1991 pace
907 1921 956 1993 tua
975 1929 1112 1990 opusuon

129 1989 277 2070 babemus,
298 2000 322 2056 si
333 1999 407 2056 enim
426 2018 482 2076 pax
493 1999 537 2056 'sit
555 2008 586 2056 et
602 1995 771 2068 concordio,
791 1995 1044 2056 adinveniendum
1061 2013 1113 2054 ve·

127 2075 243 2143 ritatem
262 2083 330 2141 nihii
350 2082 493 2161 proficere
512 2084 683 2161 poterimus;
704 2080 811 2140 babent
829 2081 903 2140 enirn
922 2083 999 2140 inter
1015 2099 1048 2139 se
1062 2099 1113 2159 pa-

106 2181 194 2247 ¹cem
213 2179 243 2232 et
260 2169 397 2241 latrones,
419 2167 449 2227 eb
466 2178 655 2239 scortatores,
676 2177 707 2227 et
725 2167 816 2227 omnis
835 2158 962 2246 nequitia
984 2183 1047 2223 eum
1065 2182 1113 2223 se·

129 2257 251 2334 metipso
269 2252 438 2324 coneordat,
459 2264 489 2311 et
507 2273 558 2331 nos
577 2272 648 2329 ergo
668 2253 692 2309 si
712 2251 748 2309 ob
775 2251 830 2309 boc
858 2252 1054 2320 convenimus,
1081 2259 1113 2308 ιιι

128 2342 210 2421 pacis
229 2352 330 2399 caussa
349 2337 477 2397 omnibus
496 2354 569 2415 quae
586 2334 719 2395 dicuntur
735 2334 924 2413 praebeamus
948 2324 1112 2404 adsensum,

129 2426 200 2484 nibil
228 2422 412 2493 auditoribus¹
433 2419 630 2493 conferemus3
659 2418 712 2478 sed
739 2438 756 2478 o
783 2418 929 2477 contrario
947 2418 1037 2477 iiiusis
1055 2418 1110 2487 eis,

130 2524 185 2569 uos
203 2510 285 2569 amici
305 2506 496 2567 discedemus.
542 2504 665 2583 Propter
681 2502 756 2582 quod
775 2503 834 2562 noli
848 2504 984 2562 invocare
998 2520 1111 2581 pacem,

124 2594 185 2653 'sed
203 2586 293 2671 magis
310 2604 432 2672 pugnam
451 2600 571 2649 matrem
591 2592 665 2661 eius,
686 2590 758 2648 etsi
777 2598 861 2666 potes
880 2606 1013 2666 expugna
1030 2605 1113 2645 erro·

120 2698 192 2739 tres.
238 2678 301 2737 Noe
320 2676 450 2755 requiras
468 2663 619 2755 amicitiam
647 2674 759 2754 iniustis
784 2672 1029 2732 adsentationibus
1047 2690 1115 2751 par·

129 2776 205 2835 tam3
225 2762 280 2844 boe
300 2764 373 2821 onim
388 2772 454 2829 unte
474 2754 568 2819 omnia
586 2750 663 2818 scire
681 2769 712 2817 tc
729 2758 806 2829 volo,
828 2759 893 2835 quia
911 2755 1021 2815 duobus
1038 2756 1118 2819 inter

130 2868 164 2907 se
183 2846 380 2908 dimicantibus
398 2858 465 2927 to'ne
485 2847 540 2904 erit
558 2864 625 2923 pax,
646 2848 709 2902 eund
731 2844 806 2901 niter
828 2839 970 2900 ceciderit
995 2858 1114 2918 supera-

129 2936 193 3004 tus3
214 2942 244 2991 et
261 2931 327 2990 ideo
345 2949 439 3009 pugna
457 2940 488 2989 ut
505 2940 599 3007 potes,
619 2947 675 2989 nee
692 2929 822 3007 ¹requiras
840 2943 941 3005 pacem
950 2918 1013 2984 sinc
1022 2923 1112 2995 bebio,

130 3016 209 3097 quod
227 3012 402 3094 impossibiie
421 3017 476 3085 est,
497 3025 545 3073 aut
563 3007 587 3072 si
605 3023 703 3091 potest
720 3012 796 3083 beri,
817 3009 950 3091 ostende,
1189 3014 1192 3018 ’

175 3102 231 3163 94.
277 3096 324 3157 Ad
342 3100 413 3157 boec
432 3099 549 3156 Petrusr
570 3094 716 3155 Attentius
734 3094 843 3168 audite,
862 3108 880 3151 o
897 3094 963 3166 viri,
983 3110 1056 3171 quae
1070 3090 1115 3149 di·

131 3188 234 3246 eimus‘.
282 3182 421 3241 anomus
439 3179 570 3239 mundum
588 3180 662 3259 bunc
681 3198 811 3256 campum
829 3196 894 3237 esse
904 3178 1025 3255 aliquem
1035 3194 1116 3252 mag·

132 3284 210 3342 uum,
241 3278 270 3329 et
297 3276 334 3327 eir
360 3265 468 3326 duabus
487 3265 660 3335 civitatibus,
681 3282 797 3342 quarum
815 3280 903 3339 reges
920 3259 975 3319 sibi
988 3261 1115 3319 ‘invicem

131 3358 192 3415 sint
218 3352 371 3423 contrarii,
400 3352 502 3409 missos
521 3364 585 3409 esse
604 3348 732 3427 singulos
749 3347 787 3407 ad
805 3342 996 3407 dimicandum
1012 3343 1113 3415 duces,
1181 3388 1193 3395 .
1299 3402 1302 3412 ,

133 3452 165 3501 et
183 3432 259 3498 iilum
279 3435 390 3517 quidem
410 3435 477 3519 boni
494 3426 573 3513 rogis
592 3433 693 3495 ducem
712 3433 861 3516 eonsilium
879 3430 965 3502 dare,
985 3440 1017 3489 ut
1036 3439 1116 3489 uter·

134 3542 190 3603 que
209 3524 354 3585 exereitus
372 3522 479 3603 absque
498 3520 642 3599 sanguinis
660 3516 839 3599 profusione,
867 3516 995 3578 melioris
1021 3514 1050 3573 in
1068 3531 1115 3574 re·

133 3704 350 3721 m

173 3800 198 3860 ¹)
212 3800 351 3859 ‚nequies
367 3800 439 3848 crit.
478 3793 566 3861 Pergit
587 3801 695 3859 uterquc
719 3798 774 3846 cod.
795 3789 863 3859 Lipr.
886 3796 934 3845 ita:
951 3794 1020 3843 Meo
1043 3802 1117 3853 ergo

135 3870 198 3917 iota
215 3872 263 3917 est
281 3866 451 3918 sententia
487 3868 519 3917 Si
536 3880 611 3929 ergo
629 3870 687 3916 etet

854 3933 903 3991 4.
