2634 4400
669 288 735 357 ton

597 389 810 404 Μ

214 510 356 567 t'cuireut.
377 493 392 502 ‘¹
404 503 462 563 Sed
482 503 529 562 ubi
548 493 683 580 nusquam
702 500 775 560 ullus
792 491 925 559 inuentus
944 492 1006 572 est,
1025 493 1200 560 miserantes

214 614 258 653 mc
278 592 412 650 mulieres
431 590 487 646 loci
511 586 654 646 consolari
674 593 849 664 coeperunt,
870 594 1041 643 enarrantes
1068 585 1200 663 singulae

140 702 146 718 ·
214 679 279 737 suas
298 690 426 756 quaeque
444 673 585 743 miserias,
606 682 637 730 ut
653 689 692 730 ex
709 666 893 728 similitudine
912 669 1104 728 calamitatum
1122 671 1202 728 sola·

213 753 282 820 tium
302 775 451 840 caperem3
472 756 548 835 quod
566 775 611 816 me
629 756 720 834 magis
737 753 939 824 contristabat,
960 766 1017 812 nou
1037 755 1113 813 enim
1140 755 1200 813 tale

214 847 282 905 milri
301 855 363 904 erat
381 844 537 921 ingenium,
558 853 588 900 ut
605 841 725 900 aliorum
744 840 819 898 mala
845 857 909 896 mea
928 855 994 896 esse
1017 839 1121 897 solatia
1149 839 1201 898 du·

214 951 323 990 cerem.
370 929 407 986 Et
434 947 496 986 cum
524 945 569 984 me
597 928 702 984 multae
729 923 854 1002 bospitio
882 933 1024 1000 cuperent
1049 925 1199 1002 recipere,

214 1037 270 1075 uua
289 1013 427 1094 quaedam
445 1011 619 1090 paupercula
637 1011 684 1068 bic
702 1008 833 1067 babitans
851 1008 973 1067 extorsit
996 1009 1066 1066 milri
1082 1011 1201 1085 tuguria

212 1103 276 1159 eius
294 1097 465 1166 succedere,
486 1095 597 1166 dicens,
616 1095 705 1153 luisse
723 1093 778 1153 sibi
795 1094 884 1152 virum
901 1103 1015 1151 nautam
1031 1112 1154 1172 eumque
1172 1095 1202 1152 in

215 1185 286 1244 mari
308 1182 522 1246 adolescentem
542 1179 717 1249 defunctum,
737 1178 849 1256 sibique
868 1197 906 1237 ex
924 1197 961 1237 eo
979 1177 1028 1238 die
1045 1197 1110 1236 cum
1121 1180 1203 1237 multi

215 1289 278 1328 eam
298 1269 434 1346 accipere
453 1257 486 1325 in'
500 1266 662 1344 coniugium
681 1274 832 1344 cuperent,
851 1281 951 1322 amore
968 1264 1022 1322 viri
1032 1262 1202 1322 viduitatem

214 1351 467 1413 luissecariorcm.
497 1350 588 1410 Erunt
598 1369 682 1430 ergo,
702 1350 804 1429 inquit,
825 1348 1091 1421 uobiscommunia,
1112 1363 1202 1428 quae-

216 1457 326 1516 cunque
345 1436 473 1495 manibus
492 1437 597 1494 nostris
616 1445 770 1514 operantes
790 1452 932 1512 quaerere
951 1434 1121 1512 poterimus.

260 1521 313 1582 ta.
360 1521 397 1579 Et
415 1540 450 1580 ne
470 1521 556 1599 longa
574 1539 608 1579 ac
628 1521 718 1578 minus
737 1519 985 1577 utili'narrationc
1002 1529 1079 1589 utar,
1107 1519 1203 1578 liben-

215 1619 261 1667 ter
279 1607 402 1666 bahitavi
422 1626 484 1664 cum
504 1625 538 1664 ea
555 1615 677 1688 propter
693 1599 827 1663 affectum
845 1602 912 1662 fidei
933 1623 1013 1682 quam
1032 1614 1204 1663 servaverat
1235 1679 1241 1685 ᾗ
1313 1592 1314 1595 “

214 1696 289 1752 viro.
338 1690 398 1751 Sed
416 1709 473 1748 non
491 1691 578 1749 multo
593 1700 664 1768 -post
681 1690 749 1771 milri
766 1689 905 1771 infelici,
923 1689 1069 1748 laceratae
1096 1687 1203 1748 dudum

212 1776 367 1848 morsibus,
389 1776 532 1834 resolutae
551 1785 742 1844 summanus,
763 1783 794 1833 et
811 1773 859 1832 illa
878 1791 1007 1852 quaeme
1017 1785 1201 1854 susceperat,

214 1863 337 1922 incurrit
354 1862 498 1939 paralysin
518 1870 548 1920 et
566 1859 642 1918 domi
669 1861 698 1917 in
726 1860 803 1918 lecto
830 1857 918 1917 iacet.
964 1857 1079 1917 lllarum
1105 1871 1203 1919 autem

214 1938 364 2005 mulierum
384 1965 456 2022 quac
483 1945 562 2024 prius
588 1943 809 2014 miserabantur,
838 1943 954 2001 refrixit
979 1945 1119 2017 allectus3
1149 1965 1203 2004 nos

216 2030 316 2088 ambae
335 2025 456 2098 debiles,
478 2049 534 2105 ego
552 2039 584 2087 ut
602 2027 682 2087 vides
700 2024 791 2087 sedeo
810 2029 912 2106 stipem
923 2039 1037 2107 petens,
1058 2031 1123 2088 etsi
1135 2029 1204 2109 quid

215 2107 292 2174 ¹iorte
312 2107 465 2192 quaesiero
484 2113 514 2170 iit
531 2117 602 2172 unus
621 2108 739 2172 duarum
757 2113 915 2172 inlelicium
934 2114 1024 2173 cibus.
1050 2113 1131 2174 Ecce
1145 2117 1202 2175 iam

216 2218 289 2279 quae
309 2218 372 2259 urea
391 2210 455 2257 sunt
472 2198 652 2270 sufficienter
669 2196 785 2271 audisti,
805 2210 836 2257 tu
854 2218 929 2257 nuuc
940 2200 1007 2278 qnid
1017 2202 1140 2259 moraris
1149 2202 1204 2259 im·

214 2288 297 2365 plere
316 2283 392 2365 quod
410 2286 596 2364 promiseras,
617 2294 647 2344 et
666 2283 736 2344 dare
762 2279 999 2343 medicamentum
1027 2305 1084 2363 quo
1109 2288 1204 2365 possit

214 2372 321 2449 absque
341 2366 482 2443 cruciatu,
502 2381 533 2429 ut
550 2372 604 2443 ais,
624 2381 745 2451 utraque
772 2380 899 2428 nostrum
926 2370 1097 2430 miserabilis
1122 2373 1203 2431 vitae

215 2466 323 2515 sortem
342 2456 443 2514 liniret

259 2540 311 2599 te.
360 2539 437 2599 llaec
458 2538 572 2600 dicente
590 2541 722 2614 muliere,
742 2540 828 2599 multa
838 2538 939 2599 Petrus
954 2542 1133 2620 cogitatione
1144 2540 1203 2601 dis·

216 2637 325 2684 tractus
342 2626 421 2684 velut
439 2626 575 2686 attonitus
594 2625 701 2698 stabat,
722 2636 753 2685 et
767 2644 823 2703 ego
834 2625 967 2684 Clemens
977 2628 1200 2705 superveniens,

216 2702 330 2780 dudum,
351 2711 475 2787 inquam,
496 2712 652 2789 peremnia
665 2710 831 2770 discurrens
841 2710 1012 2789 quaerebam
1022 2721 1064 2783 te,
1085 2722 1202 2772 munuc

215 2788 283 2873 quid
303 2795 439 2853 iacimus?
457 2794 497 2851 At
515 2797 563 2855 ille
581 2796 733 2875 praecepit
750 2795 817 2854 mibi
835 2806 866 2854 ut
883 2794 920 2854 ad
937 2797 1096 2855 naviculam
1114 2794 1202 2876 prae·

216 2876 364 2949 cederem,
385 2879 423 2937 ibi
442 2898 499 2950 me,
520 2880 791 2961 iuquit,'opperire,
812 2891 842 2939 et
856 2881 921 2959 quia
932 2882 1093 2940 contradici
1104 2884 1133 2941 ci
1142 2902 1202 2943 non

214 2974 342 3043 poterat,
365 2963 440 3043 quod
458 2966 541 3023 iussit
567 2966 692 3046 implevi.
739 2964 805 3045 lpse
830 2984 913 3036 vero,
942 2977 974 3024 ut
1000 2965 1067 3025 mibi
1095 2979 1203 3027 cuncta

214 3044 360 3129 posterius
379 3050 535 3122 enarravit,
556 3046 721 3130 suspicione
740 3049 859 3130 quadam
878 3051 1005 3128 pulsatus
1031 3046 1202 3130 requirebat

215 3154 233 3191 a
251 3135 371 3194 muliere
389 3154 479 3213 genus
492 3146 528 3195 et
545 3138 666 3215 patriam
684 3137 765 3194 simul
784 3140 814 3194 'et
831 3137 945 3194 nomina
962 3136 1097 3208 liliorum,
1126 3157 1201 3216 quae

215 3220 240 3276 si
259 3220 337 3291 mihi,
358 3221 459 3298 inquit,
481 3219 601 3289 dixeris,
623 3220 697 3279 dabo
717 3221 854 3279 continuo
864 3219 1113 3297 medicamentum.
1160 3223 1203 3281 At

214 3303 265 3360 illa
283 3305 363 3381 quasi
381 3306 435 3363 vim
455 3305 609 3376 sustinens,
631 3306 696 3383 quia
714 3324 814 3384 neque.
842 3302 930 3365 lateri
947 3306 1021 3364 baec
1035 3306 1152 3366 volebat
1170 3320 1203 3366 et

214 3380 416 3448 medicamenti
433 3387 539 3467 cupida
557 3398 631 3458 erat,
652 3389 734 3447 finxit
751 3384 810 3448 alia
828 3408 866 3448 cx
879 3390 958 3463 aliis,
979 3402 1010 3449 et
1027 3392 1068 3450 ait
1084 3410 1119 3451 ne
1136 3393 1202 3471 qui-

216 3469 364 3529 demessa
383 3472 547 3549 Ephesiam,
567 3468 657 3531 virum
676 3485 769 3533 autem
788 3473 928 3548 Siculum,
949 3475 1001 3535 sed
1026 3486 1058 3535 et
1076 3477 1200 3536 liliorum

213 3556 330 3613 nomina
348 3556 478 3615 similiter
494 3558 662 3618 immutavit.
690 3559 760 3618 'l'um
778 3558 880 3618 Petrus
896 3571 999 3639 putans
1018 3580 1081 3620 eam
1100 3581 1201 3621 verum

215 3639 398 3718 respondisse
415 3642 471 3697 ait:
492 3637 556 3700 ileu
575 3642 688 3715 mulier,
708 3644 853 3723 putabam,
881 3646 987 3726 iuquit,
1017 3645 1128 3723 grande
1147 3648 1202 3706 ali·

214 3722 292 3801 quod
309 3722 440 3803 gaudium
459 3724 599 3783 hodierna
617 3728 700 3786 nobis
717 3727 926 3801 dieoriturum,
946 3731 1201 3809 ‘suspicabar'enitn

214 3816 245 3865 te
264 3822 329 3866 csse
348 3808 486 3886 quandam
502 3805 664 3891 mulierem,
684 3811 722 3871 de
735 3815 795 3891 'qua
812 3814 916 3873 similia
939 3810 1079 3893 quaedam
1105 3832 1201 3897 nuper

216 3887 253 3947 ad
271 3890 355 3950 iidem
372 3888 473 3949 didici.
519 3892 624 3951 Atilia
642 3895 792 3955 adiurabat
818 3913 882 3957 eum
909 3896 1028 3959 dicens:
1055 3900 1142 3981 liugn
1169 3913 1200 3961 te
