<?xml version="1.0" encoding="UTF-8"?>
<!DOCTYPE html PUBLIC "-//W3C//DTD XHTML 1.0 Transitional//EN"
    "http://www.w3.org/TR/xhtml1/DTD/xhtml1-transitional.dtd">
<html xmlns="http://www.w3.org/1999/xhtml" xml:lang="en" lang="en">
 <head>
  <title>
</title>
<meta http-equiv="Content-Type" content="text/html;charset=utf-8" />
  <meta name='ocr-system' content='tesseract 3.04.00' />
  <meta name='ocr-capabilities' content='ocr_page ocr_carea ocr_par ocr_line ocrx_word'/>
</head>
<body>
  <div class='ocr_page' id='page_1' title='image "./recognitionesru00gersgoog_0008.png"; bbox 0 0 2634 4400; ppageno 0'>
   <div class='ocr_carea' id='block_1_1' title="bbox 685 284 721 325">
    <p class='ocr_par' dir='ltr' id='par_1_1' title="bbox 685 284 721 325">
     <span class='ocr_line' id='line_1_1' title="bbox 685 284 721 325; baseline 0.028 -1"><span class='ocrx_word' id='word_1_1' title='bbox 685 284 721 325; x_wconf 80' lang='lat' dir='ltr'><em>Vl</em></span> 
     </span>
    </p>
   </div>
   <div class='ocr_carea' id='block_1_2' title="bbox 595 359 809 370">
    <p class='ocr_par' dir='ltr' id='par_1_2' title="bbox 595 359 809 370">
     <span class='ocr_line' id='line_1_2' title="bbox 595 359 809 370; baseline -0.009 0"><span class='ocrx_word' id='word_1_2' title='bbox 595 359 809 370; x_wconf 49' lang='grc' dir='ltr'><em>ἰ’-</em></span> 
     </span>
    </p>
   </div>
   <div class='ocr_carea' id='block_1_3' title="bbox 132 469 1194 3688">
    <p class='ocr_par' dir='ltr' id='par_1_3' title="bbox 132 469 1194 3688">
     <span class='ocr_line' id='line_1_3' title="bbox 215 469 1192 548; baseline 0.007 -22"><span class='ocrx_word' id='word_1_3' title='bbox 215 470 264 526; x_wconf 80' lang='lat' dir='ltr'><em>tim</em></span> <span class='ocrx_word' id='word_1_4' title='bbox 282 471 392 546; x_wconf 89' lang='lat' dir='ltr'><em>recipit</em></span> <span class='ocrx_word' id='word_1_5' title='bbox 408 480 439 527; x_wconf 90' lang='lat' dir='ltr'><em>et</em></span> <span class='ocrx_word' id='word_1_6' title='bbox 454 474 702 547; x_wconf 75' lang='lat' dir='ltr'><em>recognoscit,</em></span> <span class='ocrx_word' id='word_1_7' title='bbox 715 469 784 548; x_wconf 90' lang='lat' dir='ltr'><em>sati</em></span> <span class='ocrx_word' id='word_1_8' title='bbox 800 473 893 529; x_wconf 90' lang='lat' dir='ltr'><em>diram</em></span> <span class='ocrx_word' id='word_1_9' title='bbox 913 481 1115 531; x_wconf 81' lang='lat' dir='ltr'><em>necessitatem</em></span> <span class='ocrx_word' id='word_1_10' title='bbox 1132 493 1192 533; x_wconf 85' lang='lat' dir='ltr'><em>mon</em></span> 
     </span>
     <span class='ocr_line' id='line_1_4' title="bbox 214 555 1193 632; baseline 0.005 -22"><span class='ocrx_word' id='word_1_11' title='bbox 214 574 275 611; x_wconf 90' lang='lat' dir='ltr'><em>esse</em></span> <span class='ocrx_word' id='word_1_12' title='bbox 295 573 313 611; x_wconf 88' lang='lat' dir='ltr'><em>a</em></span> <span class='ocrx_word' id='word_1_13' title='bbox 331 555 494 612; x_wconf 80' lang='lat' dir='ltr'><em>horninibus</em></span> <span class='ocrx_word' id='word_1_14' title='bbox 512 557 757 632; x_wconf 76' lang='lat' dir='ltr'><strong><em>conquerendam,</em></strong></span> <span class='ocrx_word' id='word_1_15' title='bbox 779 558 895 615; x_wconf 90' lang='lat' dir='ltr'><em>consuli</em></span> <span class='ocrx_word' id='word_1_16' title='bbox 910 577 928 614; x_wconf 92' lang='lat' dir='ltr'><em>a</em></span> <span class='ocrx_word' id='word_1_17' title='bbox 947 559 1001 614; x_wconf 94' lang='lat' dir='ltr'><em>deo</em></span> <span class='ocrx_word' id='word_1_18' title='bbox 1024 557 1112 615; x_wconf 90' lang='lat' dir='ltr'><em>rebus</em></span> <span class='ocrx_word' id='word_1_19' title='bbox 1138 559 1193 616; x_wconf 86' lang='lat' dir='ltr'><em>ba-</em></span> 
     </span>
     <span class='ocr_line' id='line_1_5' title="bbox 213 639 1191 716; baseline 0.005 -21"><span class='ocrx_word' id='word_1_20' title='bbox 213 641 307 696; x_wconf 87' lang='lat' dir='ltr'><em>mauis</em></span> <span class='ocrx_word' id='word_1_21' title='bbox 329 639 512 716; x_wconf 83' lang='lat' dir='ltr'><em>etstducinm</em></span> <span class='ocrx_word' id='word_1_22' title='bbox 533 642 657 711; x_wconf 80' lang='lat' dir='ltr'><em>Christi,</em></span> <span class='ocrx_word' id='word_1_23' title='bbox 679 642 786 700; x_wconf 81' lang='lat' dir='ltr'><em>evulsis</em></span> <span class='ocrx_word' id='word_1_24' title='bbox 812 662 850 699; x_wconf 78' lang='lat' dir='ltr'><em>em</em></span> <span class='ocrx_word' id='word_1_25' title='bbox 875 643 1020 700; x_wconf 84' lang='lat' dir='ltr'><em>ruentibus</em></span> <span class='ocrx_word' id='word_1_26' title='bbox 1046 643 1191 701; x_wconf 89' lang='lat' dir='ltr'><em>bominum</em></span> 
     </span>
     <span class='ocr_line' id='line_1_6' title="bbox 212 727 1194 805; baseline 0.005 -24"><span class='ocrx_word' id='word_1_27' title='bbox 212 727 296 782; x_wconf 81' lang='lat' dir='ltr'><em>annis</em></span> <span class='ocrx_word' id='word_1_28' title='bbox 314 727 378 783; x_wconf 90' lang='lat' dir='ltr'><em>istis</em></span> <span class='ocrx_word' id='word_1_29' title='bbox 396 736 483 802; x_wconf 81' lang='lat' dir='ltr'><em>atque</em></span> <span class='ocrx_word' id='word_1_30' title='bbox 495 727 646 802; x_wconf 87' lang='lat' dir='ltr'><em>peruersis</em></span> <span class='ocrx_word' id='word_1_31' title='bbox 659 727 846 803; x_wconf 77' lang='lat' dir='ltr'><em>opinionibus</em></span> <span class='ocrx_word' id='word_1_32' title='bbox 855 747 923 784; x_wconf 87' lang='lat' dir='ltr'><em>aere</em></span> <span class='ocrx_word' id='word_1_33' title='bbox 932 729 1091 786; x_wconf 91' lang='lat' dir='ltr'><em>salutarem</em></span> <span class='ocrx_word' id='word_1_34' title='bbox 1102 747 1194 805; x_wconf 77' lang='lat' dir='ltr'><em>argu-</em></span> 
     </span>
     <span class='ocr_line' id='line_1_7' title="bbox 212 811 1190 888; baseline 0.004 -22"><span class='ocrx_word' id='word_1_35' title='bbox 212 812 316 867; x_wconf 80' lang='lat' dir='ltr'><em>mentis</em></span> <span class='ocrx_word' id='word_1_36' title='bbox 343 811 515 888; x_wconf 90' lang='lat' dir='ltr'><em>eomprobat</em></span> <span class='ocrx_word' id='word_1_37' title='bbox 537 812 731 887; x_wconf 82' lang='lat' dir='ltr'><em>grauissimis.</em></span> <span class='ocrx_word' id='word_1_38' title='bbox 790 814 880 886; x_wconf 79' lang='lat' dir='ltr'><em>(tuum</em></span> <span class='ocrx_word' id='word_1_39' title='bbox 911 832 980 870; x_wconf 87' lang='lat' dir='ltr'><em>aero</em></span> <span class='ocrx_word' id='word_1_40' title='bbox 1014 814 1190 884; x_wconf 86' lang='lat' dir='ltr'><em>adversarii,</em></span> 
     </span>
     <span class='ocr_line' id='line_1_8' title="bbox 214 896 1192 974; baseline 0.003 -23"><span class='ocrx_word' id='word_1_41' title='bbox 214 903 355 971; x_wconf 78' lang='lat' dir='ltr'><em>quotquot</em></span> <span class='ocrx_word' id='word_1_42' title='bbox 373 905 429 952; x_wconf 86' lang='lat' dir='ltr'><em>tum</em></span> <span class='ocrx_word' id='word_1_43' title='bbox 450 905 504 952; x_wconf 87' lang='lat' dir='ltr'><em>aut</em></span> <span class='ocrx_word' id='word_1_44' title='bbox 517 896 740 954; x_wconf 68' lang='lat' dir='ltr'><em>simulacrorum</em></span> <span class='ocrx_word' id='word_1_45' title='bbox 751 898 871 967; x_wconf 86' lang='lat' dir='ltr'><em>cultum,</em></span> <span class='ocrx_word' id='word_1_46' title='bbox 894 907 946 954; x_wconf 88' lang='lat' dir='ltr'><em>aut</em></span> <span class='ocrx_word' id='word_1_47' title='bbox 950 898 1192 974; x_wconf 74' lang='lat' dir='ltr'><em>pbilosophorum</em></span> 
     </span>
     <span class='ocr_line' id='line_1_9' title="bbox 213 975 1192 1056; baseline 0.004 -20"><span class='ocrx_word' id='word_1_48' title='bbox 213 981 376 1056; x_wconf 88' lang='lat' dir='ltr'><em>opiniones,</em></span> <span class='ocrx_word' id='word_1_49' title='bbox 399 989 452 1038; x_wconf 78' lang='lat' dir='ltr'><em>anit</em></span> <span class='ocrx_word' id='word_1_50' title='bbox 468 981 640 1038; x_wconf 88' lang='lat' dir='ltr'><em>Iudaeorum</em></span> <span class='ocrx_word' id='word_1_51' title='bbox 661 981 792 1051; x_wconf 80' lang='lat' dir='ltr'><em>decreta,</em></span> <span class='ocrx_word' id='word_1_52' title='bbox 815 992 868 1040; x_wconf 91' lang='lat' dir='ltr'><em>aut</em></span> <span class='ocrx_word' id='word_1_53' title='bbox 883 983 1099 1040; x_wconf 85' lang='lat' dir='ltr'><em>baereticorum</em></span> <span class='ocrx_word' id='word_1_54' title='bbox 1109 975 1192 1040; x_wconf 44' lang='lat' dir='ltr'><em>deni-⁴</em></span> 
     </span>
     <span class='ocr_line' id='line_1_10' title="bbox 213 1065 1188 1143; baseline 0.004 -22"><span class='ocrx_word' id='word_1_55' title='bbox 213 1083 267 1140; x_wconf 87' lang='lat' dir='ltr'><em>que</em></span> <span class='ocrx_word' id='word_1_56' title='bbox 286 1075 446 1122; x_wconf 85' lang='lat' dir='ltr'><em>commenta</em></span> <span class='ocrx_word' id='word_1_57' title='bbox 475 1067 605 1142; x_wconf 80' lang='lat' dir='ltr'><em>umplcni</em></span> <span class='ocrx_word' id='word_1_58' title='bbox 628 1068 724 1123; x_wconf 90' lang='lat' dir='ltr'><em>saeris</em></span> <span class='ocrx_word' id='word_1_59' title='bbox 752 1067 929 1124; x_wconf 82' lang='lat' dir='ltr'><em>Cbmstianis</em></span> <span class='ocrx_word' id='word_1_60' title='bbox 956 1065 1067 1143; x_wconf 84' lang='lat' dir='ltr'><em>infensi</em></span> <span class='ocrx_word' id='word_1_61' title='bbox 1092 1077 1188 1137; x_wconf 84' lang='lat' dir='ltr'><em>erunt,</em></span> 
     </span>
     <span class='ocr_line' id='line_1_11' title="bbox 184 1148 1191 1228; baseline 0.005 -24"><span class='ocrx_word' id='word_1_62' title='bbox 184 1209 186 1212; x_wconf 63' lang='grc'>,</span> <span class='ocrx_word' id='word_1_63' title='bbox 211 1148 316 1206; x_wconf 92' lang='lat' dir='ltr'><em>subtili</em></span> <span class='ocrx_word' id='word_1_64' title='bbox 331 1150 386 1208; x_wconf 88' lang='lat' dir='ltr'><em>bac</em></span> <span class='ocrx_word' id='word_1_65' title='bbox 405 1151 603 1226; x_wconf 87' lang='lat' dir='ltr'><em>disputatione</em></span> <span class='ocrx_word' id='word_1_66' title='bbox 623 1160 654 1207; x_wconf 90' lang='lat' dir='ltr'><em>et</em></span> <span class='ocrx_word' id='word_1_67' title='bbox 670 1170 727 1208; x_wconf 84' lang='lat' dir='ltr'><em>urm</em></span> <span class='ocrx_word' id='word_1_68' title='bbox 747 1152 891 1209; x_wconf 89' lang='lat' dir='ltr'><em>uolumine</em></span> <span class='ocrx_word' id='word_1_69' title='bbox 901 1153 1123 1228; x_wconf 59' lang='lat' dir='ltr'><em>castigarentur</em></span> <span class='ocrx_word' id='word_1_70' title='bbox 1133 1172 1191 1209; x_wconf 92' lang='lat' dir='ltr'><em>om·</em></span> 
     </span>
     <span class='ocr_line' id='line_1_12' title="bbox 204 1237 1191 1312; baseline 0.004 -22"><span class='ocrx_word' id='word_1_71' title='bbox 204 1241 274 1304; x_wconf 77' lang='lat' dir='ltr'><em>mes,</em></span> <span class='ocrx_word' id='word_1_72' title='bbox 295 1237 480 1294; x_wconf 72' lang='lat' dir='ltr'><em>narrationis</em></span> <span class='ocrx_word' id='word_1_73' title='bbox 499 1245 595 1294; x_wconf 91' lang='lat' dir='ltr'><em>autem</em></span> <span class='ocrx_word' id='word_1_74' title='bbox 611 1255 706 1312; x_wconf 78' lang='lat' dir='ltr'><em>genas</em></span> <span class='ocrx_word' id='word_1_75' title='bbox 725 1257 780 1312; x_wconf 87' lang='lat' dir='ltr'><em>quo</em></span> <span class='ocrx_word' id='word_1_76' title='bbox 800 1255 866 1295; x_wconf 91' lang='lat' dir='ltr'><em>usus</em></span> <span class='ocrx_word' id='word_1_77' title='bbox 885 1245 930 1294; x_wconf 90' lang='lat' dir='ltr'><em>est</em></span> <span class='ocrx_word' id='word_1_78' title='bbox 947 1247 1067 1307; x_wconf 79' lang='lat' dir='ltr'><em>auctor,</em></span> <span class='ocrx_word' id='word_1_79' title='bbox 1088 1257 1191 1295; x_wconf 78' lang='lat' dir='ltr'><em>rrooum</em></span> 
     </span>
     <span class='ocr_line' id='line_1_13' title="bbox 209 1320 1191 1398; baseline 0.002 -23"><span class='ocrx_word' id='word_1_80' title='bbox 209 1320 408 1396; x_wconf 79' lang='lat' dir='ltr'><em>placeatque</em></span> <span class='ocrx_word' id='word_1_81' title='bbox 436 1322 605 1378; x_wconf 70' lang='lat' dir='ltr'><em>abtrisitatum</em></span> <span class='ocrx_word' id='word_1_82' title='bbox 625 1321 705 1377; x_wconf 72' lang='lat' dir='ltr'><em>broad</em></span> <span class='ocrx_word' id='word_1_83' title='bbox 731 1323 903 1397; x_wconf 75' lang='lat' dir='ltr'><em>displiceret</em></span> <span class='ocrx_word' id='word_1_84' title='bbox 928 1321 1104 1398; x_wconf 84' lang='lat' dir='ltr'><em>legentibus,</em></span> <span class='ocrx_word' id='word_1_85' title='bbox 1134 1324 1191 1379; x_wconf 91' lang='lat' dir='ltr'><em>iam</em></span> 
     </span>
     <span class='ocr_line' id='line_1_14' title="bbox 132 1406 1191 1483; baseline 0.001 -22"><span class='ocrx_word' id='word_1_86' title='bbox 132 1467 135 1472; x_wconf 49' lang='grc'>,</span> <span class='ocrx_word' id='word_1_87' title='bbox 211 1406 329 1462; x_wconf 90' lang='lat' dir='ltr'><em>saeculo</em></span> <span class='ocrx_word' id='word_1_88' title='bbox 351 1407 439 1464; x_wconf 89' lang='lat' dir='ltr'><em>tertia</em></span> <span class='ocrx_word' id='word_1_89' title='bbox 459 1408 646 1475; x_wconf 72' lang='lat' dir='ltr'><em>restiterunt,</em></span> <span class='ocrx_word' id='word_1_90' title='bbox 669 1408 721 1482; x_wconf 80' lang='lat' dir='ltr'><em>qui</em></span> <span class='ocrx_word' id='word_1_91' title='bbox 737 1407 767 1463; x_wconf 87' lang='lat' dir='ltr'><em>in</em></span> <span class='ocrx_word' id='word_1_92' title='bbox 789 1417 966 1464; x_wconf 79' lang='lat' dir='ltr'><em>scutatorum</em></span> <span class='ocrx_word' id='word_1_93' title='bbox 982 1409 1113 1483; x_wconf 86' lang='lat' dir='ltr'><em>gratiam</em></span> <span class='ocrx_word' id='word_1_94' title='bbox 1131 1409 1191 1463; x_wconf 88' lang='lat' dir='ltr'><em>sine</em></span> 
     </span>
     <span class='ocr_line' id='line_1_15' title="bbox 213 1492 1191 1568; baseline 0.001 -22"><span class='ocrx_word' id='word_1_95' title='bbox 213 1500 360 1566; x_wconf 76' lang='lat' dir='ltr'><em>augerent</em></span> <span class='ocrx_word' id='word_1_96' title='bbox 374 1493 435 1548; x_wconf 92' lang='lat' dir='ltr'><em>siae</em></span> <span class='ocrx_word' id='word_1_97' title='bbox 455 1493 650 1549; x_wconf 80' lang='lat' dir='ltr'><em>dinu&#39;rzuereat</em></span> <span class='ocrx_word' id='word_1_98' title='bbox 667 1493 728 1547; x_wconf 88' lang='lat' dir='ltr'><em>siaa</em></span> <span class='ocrx_word' id='word_1_99' title='bbox 748 1493 808 1549; x_wconf 86' lang='lat' dir='ltr'><em>alic</em></span> <span class='ocrx_word' id='word_1_100' title='bbox 832 1492 934 1568; x_wconf 70' lang='lat' dir='ltr'><em>quasis</em></span> <span class='ocrx_word' id='word_1_101' title='bbox 955 1494 1072 1549; x_wconf 89' lang='lat' dir='ltr'><em>ratione</em></span> <span class='ocrx_word' id='word_1_102' title='bbox 1100 1494 1191 1549; x_wconf 80' lang='lat' dir='ltr'><em>cater-</em></span> 
     </span>
     <span class='ocr_line' id='line_1_16' title="bbox 206 1569 1192 1654; baseline 0.003 -23"><span class='ocrx_word' id='word_1_103' title='bbox 206 1575 329 1651; x_wconf 90' lang='lat' dir='ltr'><em>polatos</em></span> <span class='ocrx_word' id='word_1_104' title='bbox 347 1587 571 1652; x_wconf 77' lang='lat' dir='ltr'><em>corrumperent</em></span> <span class='ocrx_word' id='word_1_105' title='bbox 587 1578 640 1633; x_wconf 86' lang='lat' dir='ltr'><em>bos</em></span> <span class='ocrx_word' id='word_1_106' title='bbox 659 1576 751 1633; x_wconf 86' lang='lat' dir='ltr'><em>libros</em></span> <span class='ocrx_word' id='word_1_107' title='bbox 768 1578 916 1634; x_wconf 87' lang='lat' dir='ltr'><em>baeretici</em></span> <span class='ocrx_word' id='word_1_108' title='bbox 934 1569 1124 1647; x_wconf 75' lang='grc' dir='ltr'><em>υοθευσοτυτες</em></span> <span class='ocrx_word' id='word_1_109' title='bbox 1141 1575 1192 1654; x_wconf 79' lang='grc' dir='ltr'><em>μὲν</em></span> 
     </span>
     <span class='ocr_line' id='line_1_17' title="bbox 210 1653 1192 1737; baseline 0 -19"><span class='ocrx_word' id='word_1_110' title='bbox 210 1654 248 1718; x_wconf 82' lang='grc' dir='ltr'><em>τὰ</em></span> <span class='ocrx_word' id='word_1_111' title='bbox 265 1665 292 1718; x_wconf 78' lang='lat' dir='ltr'><em>br</em></span> <span class='ocrx_word' id='word_1_112' title='bbox 310 1659 415 1730; x_wconf 81' lang='grc' dir='ltr'><em>αὐτοῖς,</em></span> <span class='ocrx_word' id='word_1_113' title='bbox 434 1660 517 1737; x_wconf 78' lang='grc' dir='ltr'><em>ὀλίγοι</em></span> <span class='ocrx_word' id='word_1_114' title='bbox 535 1663 567 1718; x_wconf 77' lang='lat' dir='ltr'><em>bl</em></span> <span class='ocrx_word' id='word_1_115' title='bbox 581 1654 743 1737; x_wconf 70' lang='lat' dir='ltr'><em>cllmnberd&#39;</em></span> <span class='ocrx_word' id='word_1_116' title='bbox 728 1653 869 1731; x_wconf 75' lang='grc' dir='ltr'><em>εάσαυτες,</em></span> <span class='ocrx_word' id='word_1_117' title='bbox 889 1671 924 1717; x_wconf 88' lang='lat' dir='ltr'><em>nt</em></span> <span class='ocrx_word' id='word_1_118' title='bbox 949 1663 994 1718; x_wconf 89' lang='lat' dir='ltr'><em>nit</em></span> <span class='ocrx_word' id='word_1_119' title='bbox 1008 1662 1192 1737; x_wconf 72' lang='lat' dir='ltr'><em>Epiphanius</em></span> 
     </span>
     <span class='ocr_line' id='line_1_18' title="bbox 211 1745 1192 1821; baseline 0.002 -21"><span class='ocrx_word' id='word_1_120' title='bbox 211 1745 327 1802; x_wconf 54' lang='lat' dir='ltr'><em>baermes</em></span> <span class='ocrx_word' id='word_1_121' title='bbox 351 1745 402 1814; x_wconf 87' lang='grc'><em>30</em></span> <span class='ocrx_word' id='word_1_122' title='bbox 425 1745 476 1802; x_wconf 84' lang='grc'><em>15.</em></span> <span class='ocrx_word' id='word_1_123' title='bbox 501 1745 585 1812; x_wconf 85' lang='lat' dir='ltr'><em>(Vol.</em></span> <span class='ocrx_word' id='word_1_124' title='bbox 606 1747 631 1804; x_wconf 87' lang='lat' dir='ltr'><em>l.</em></span> <span class='ocrx_word' id='word_1_125' title='bbox 649 1765 683 1821; x_wconf 92' lang='lat' dir='ltr'><em>p.</em></span> <span class='ocrx_word' id='word_1_126' title='bbox 705 1746 777 1803; x_wconf 84' lang='lat'><strong>139.</strong></span> <span class='ocrx_word' id='word_1_127' title='bbox 800 1747 846 1802; x_wconf 88' lang='lat' dir='ltr'><em>ed</em></span> <span class='ocrx_word' id='word_1_128' title='bbox 867 1749 969 1803; x_wconf 79' lang='lat' dir='ltr'><em>Patria.</em></span> <span class='ocrx_word' id='word_1_129' title='bbox 973 1754 987 1819; x_wconf 87' lang='lat'>)</span> <span class='ocrx_word' id='word_1_130' title='bbox 1004 1745 1192 1818; x_wconf 83' lang='lat' dir='ltr'><em>¹)Pluribus</em></span> 
     </span>
     <span class='ocr_line' id='line_1_19' title="bbox 211 1817 1191 1906; baseline 0 -20"><span class='ocrx_word' id='word_1_131' title='bbox 211 1817 280 1886; x_wconf 73' lang='lat' dir='ltr'><em>iude</em></span> <span class='ocrx_word' id='word_1_132' title='bbox 307 1830 400 1906; x_wconf 81' lang='lat' dir='ltr'><em>r&#39;r&#39;sque</em></span> <span class='ocrx_word' id='word_1_133' title='bbox 426 1831 551 1886; x_wconf 75' lang='lat' dir='ltr'><em>inarime</em></span> <span class='ocrx_word' id='word_1_134' title='bbox 580 1831 704 1887; x_wconf 87' lang='lat' dir='ltr'><em>diuersis</em></span> <span class='ocrx_word' id='word_1_135' title='bbox 729 1832 844 1887; x_wconf 62' lang='lat' dir='ltr'><em>&#39;unctores</em></span> <span class='ocrx_word' id='word_1_136' title='bbox 866 1833 1010 1889; x_wconf 88' lang='lat' dir='ltr'><em>ecelesiae</em></span> <span class='ocrx_word' id='word_1_137' title='bbox 1030 1831 1191 1906; x_wconf 84' lang='lat' dir='ltr'><em>scriptores</em></span> 
     </span>
     <span class='ocr_line' id='line_1_20' title="bbox 211 1913 1191 1993; baseline 0 -22"><span class='ocrx_word' id='word_1_138' title='bbox 211 1934 255 1984; x_wconf 83' lang='lat' dir='ltr'><em>asc</em></span> <span class='ocrx_word' id='word_1_139' title='bbox 273 1915 457 1972; x_wconf 81' lang='lat' dir='ltr'><em>sunthorum</em></span> <span class='ocrx_word' id='word_1_140' title='bbox 477 1913 617 1971; x_wconf 89' lang='lat' dir='ltr'><em>librorum</em></span> <span class='ocrx_word' id='word_1_141' title='bbox 629 1916 816 1983; x_wconf 75' lang='lat' dir='ltr'><em>editionibus,</em></span> <span class='ocrx_word' id='word_1_142' title='bbox 838 1935 959 1993; x_wconf 82' lang='lat' dir='ltr'><em>quarum</em></span> <span class='ocrx_word' id='word_1_143' title='bbox 970 1925 1031 1974; x_wconf 87' lang='lat' dir='ltr'><em>tres</em></span> <span class='ocrx_word' id='word_1_144' title='bbox 1041 1917 1082 1973; x_wconf 89' lang='lat' dir='ltr'><em>ad</em></span> <span class='ocrx_word' id='word_1_145' title='bbox 1089 1924 1191 1973; x_wconf 85' lang='lat' dir='ltr'><em>nostra</em></span> 
     </span>
     <span class='ocr_line' id='line_1_21' title="bbox 206 2001 1191 2107; baseline -0.001 -52"><span class='ocrx_word' id='word_1_146' title='bbox 206 2008 411 2076; x_wconf 86' lang='lat' dir='ltr'><em>pervenerunt</em></span> <span class='ocrx_word' id='word_1_147' title='bbox 433 2008 564 2074; x_wconf 88' lang='lat' dir='ltr'><em>tempora</em></span> <span class='ocrx_word' id='word_1_148' title='bbox 595 2001 620 2056; x_wconf 87' lang='lat' dir='ltr'><em>l.</em></span> <span class='ocrx_word' id='word_1_149' title='bbox 647 2002 950 2099; x_wconf 81' lang='lat' dir='ltr'><em>Recpguitioaes,</em></span> <span class='ocrx_word' id='word_1_150' title='bbox 971 2020 1055 2107; x_wconf 73' lang='lat' dir='ltr'><em>puae</em></span> <span class='ocrx_word' id='word_1_151' title='bbox 1080 2019 1191 2098; x_wconf 72' lang='lat' dir='ltr'><em>graece</em></span> 
     </span>
     <span class='ocr_line' id='line_1_22' title="bbox 210 2076 1191 2166; baseline 0 -22"><span class='ocrx_word' id='word_1_152' title='bbox 210 2087 336 2166; x_wconf 75' lang='grc' dir='ltr'><em>περίοδοι</em></span> <span class='ocrx_word' id='word_1_153' title='bbox 353 2087 405 2142; x_wconf 81' lang='grc' dir='ltr'><em>τοῦ</em></span> <span class='ocrx_word' id='word_1_154' title='bbox 423 2086 537 2163; x_wconf 79' lang='grc' dir='ltr'><em>Πέτοου</em></span> <span class='ocrx_word' id='word_1_155' title='bbox 555 2103 577 2142; x_wconf 86' lang='lat' dir='ltr'><em>s.</em></span> <span class='ocrx_word' id='word_1_156' title='bbox 595 2087 647 2142; x_wconf 83' lang='grc' dir='ltr'><em>τοῦ</em></span> <span class='ocrx_word' id='word_1_157' title='bbox 666 2076 842 2161; x_wconf 81' lang='grc' dir='ltr'><em>Κλημευτος,</em></span> <span class='ocrx_word' id='word_1_158' title='bbox 860 2079 932 2164; x_wconf 78' lang='grc' dir='ltr'><em>πυὸς</em></span> <span class='ocrx_word' id='word_1_159' title='bbox 948 2088 1069 2162; x_wconf 67' lang='lat' dir='ltr'><em>Zapara</em></span> <span class='ocrx_word' id='word_1_160' title='bbox 1082 2076 1191 2162; x_wconf 76' lang='lat' dir='ltr'><em>obrud-</em></span> 
     </span>
     <span class='ocr_line' id='line_1_23' title="bbox 209 2137 1192 2269; baseline -0.003 -39"><span class='ocrx_word' id='word_1_161' title='bbox 209 2191 258 2249; x_wconf 86' lang='grc' dir='ltr'><em>γου</em></span> <span class='ocrx_word' id='word_1_162' title='bbox 276 2167 418 2241; x_wconf 63' lang='grc' dir='ltr'><strong><em>διαλέξεις,</em></strong></span> <span class='ocrx_word' id='word_1_163' title='bbox 436 2137 602 2249; x_wconf 69' lang='grc' dir='ltr'><em>πράξεις,</em></span> <span class='ocrx_word' id='word_1_164' title='bbox 587 2190 765 2269; x_wconf 77' lang='grc' dir='ltr'><em>αυοεγυωσετς,</em></span> <span class='ocrx_word' id='word_1_165' title='bbox 783 2164 996 2250; x_wconf 79' lang='grc' dir='ltr'><em>ἀυαγυωρτσμός</em></span> <span class='ocrx_word' id='word_1_166' title='bbox 1018 2170 1192 2229; x_wconf 87' lang='lat' dir='ltr'><em>dicebantur</em></span> 
     </span>
     <span class='ocr_line' id='line_1_24' title="bbox 212 2253 1190 2332; baseline 0 -21"><span class='ocrx_word' id='word_1_167' title='bbox 212 2264 243 2313; x_wconf 94' lang='lat' dir='ltr'><em>et</em></span> <span class='ocrx_word' id='word_1_168' title='bbox 268 2274 286 2311; x_wconf 92' lang='lat' dir='ltr'><em>a</em></span> <span class='ocrx_word' id='word_1_169' title='bbox 312 2253 417 2330; x_wconf 75' lang='lat' dir='ltr'><em>unifico</em></span> <span class='ocrx_word' id='word_1_170' title='bbox 444 2256 542 2331; x_wconf 76' lang='lat' dir='ltr'><em>Alam</em></span> <span class='ocrx_word' id='word_1_171' title='bbox 540 2257 647 2313; x_wconf 81' lang='lat' dir='ltr'><em>elensis</em></span> <span class='ocrx_word' id='word_1_172' title='bbox 674 2257 817 2313; x_wconf 90' lang='lat' dir='ltr'><em>ccclesiae</em></span> <span class='ocrx_word' id='word_1_173' title='bbox 840 2256 930 2332; x_wconf 87' lang='lat' dir='ltr'><em>presb</em></span> <span class='ocrx_word' id='word_1_174' title='bbox 931 2266 1016 2331; x_wconf 74' lang='lat' dir='ltr'><em>ptero</em></span> <span class='ocrx_word' id='word_1_175' title='bbox 1034 2255 1087 2312; x_wconf 91' lang='lat' dir='ltr'><em>sub</em></span> <span class='ocrx_word' id='word_1_176' title='bbox 1096 2255 1190 2331; x_wconf 77' lang='lat' dir='ltr'><em>finem</em></span> 
     </span>
     <span class='ocr_line' id='line_1_25' title="bbox 182 2341 1191 2418; baseline -0.002 -20"><span class='ocrx_word' id='word_1_177' title='bbox 182 2354 188 2367; x_wconf 87' lang='lat'><strong>·</strong></span> <span class='ocrx_word' id='word_1_178' title='bbox 210 2341 325 2398; x_wconf 89' lang='lat' dir='ltr'><em>saeculi</em></span> <span class='ocrx_word' id='word_1_179' title='bbox 342 2342 444 2417; x_wconf 86' lang='lat' dir='ltr'><em>qanrti</em></span> <span class='ocrx_word' id='word_1_180' title='bbox 459 2342 489 2398; x_wconf 87' lang='lat' dir='ltr'><em>in</em></span> <span class='ocrx_word' id='word_1_181' title='bbox 509 2341 630 2399; x_wconf 82' lang='lat' dir='ltr'><em>latmam</em></span> <span class='ocrx_word' id='word_1_182' title='bbox 651 2341 782 2418; x_wconf 80' lang='lat' dir='ltr'><em>lmgaam</em></span> <span class='ocrx_word' id='word_1_183' title='bbox 801 2360 959 2399; x_wconf 83' lang='lat' dir='ltr'><em>conversae</em></span> <span class='ocrx_word' id='word_1_184' title='bbox 983 2342 1106 2397; x_wconf 88' lang='lat' dir='ltr'><em>diuersis</em></span> <span class='ocrx_word' id='word_1_185' title='bbox 1131 2359 1191 2396; x_wconf 91' lang='lat' dir='ltr'><em>mo-</em></span> 
     </span>
     <span class='ocr_line' id='line_1_26' title="bbox 212 2424 1194 2495; baseline -0.001 -14"><span class='ocrx_word' id='word_1_186' title='bbox 212 2426 304 2482; x_wconf 88' lang='lat' dir='ltr'><em>disin</em></span> <span class='ocrx_word' id='word_1_187' title='bbox 324 2426 409 2482; x_wconf 87' lang='lat' dir='ltr'><em>codd.</em></span> <span class='ocrx_word' id='word_1_188' title='bbox 431 2427 642 2495; x_wconf 83' lang='lat' dir='ltr'><em>inscribantur,</em></span> <span class='ocrx_word' id='word_1_189' title='bbox 673 2446 700 2482; x_wconf 88' lang='grc' dir='ltr'><em>υ.</em></span> <span class='ocrx_word' id='word_1_190' title='bbox 722 2446 748 2483; x_wconf 91' lang='lat' dir='ltr'><em>e.</em></span> <span class='ocrx_word' id='word_1_191' title='bbox 772 2428 928 2484; x_wconf 79' lang='lat' dir='ltr'><em>Clementis</em></span> <span class='ocrx_word' id='word_1_192' title='bbox 944 2427 1134 2484; x_wconf 76' lang='lat' dir='ltr'><em>itinerarium</em></span> <span class='ocrx_word' id='word_1_193' title='bbox 1153 2424 1194 2481; x_wconf 89' lang='lat' dir='ltr'><em>ad</em></span> 
     </span>
     <span class='ocr_line' id='line_1_27' title="bbox 210 2508 1193 2588; baseline -0.003 -21"><span class='ocrx_word' id='word_1_194' title='bbox 210 2509 347 2567; x_wconf 89' lang='lat' dir='ltr'><em>Iacobum</em></span> <span class='ocrx_word' id='word_1_195' title='bbox 357 2508 490 2586; x_wconf 83' lang='lat' dir='ltr'><em>fratrem</em></span> <span class='ocrx_word' id='word_1_196' title='bbox 509 2512 629 2579; x_wconf 56' lang='lat' dir='ltr'><em>domim}</em></span> <span class='ocrx_word' id='word_1_197' title='bbox 650 2511 740 2567; x_wconf 85' lang='lat' dir='ltr'><em>Liber</em></span> <span class='ocrx_word' id='word_1_198' title='bbox 759 2513 933 2570; x_wconf 87' lang='lat' dir='ltr'><em>itinerarius</em></span> <span class='ocrx_word' id='word_1_199' title='bbox 956 2510 1193 2588; x_wconf 75' lang='lat' dir='ltr'><em>praedicationis</em></span> 
     </span>
     <span class='ocr_line' id='line_1_28' title="bbox 210 2595 1191 2670; baseline -0.003 -18"><span class='ocrx_word' id='word_1_200' title='bbox 210 2596 303 2664; x_wconf 79' lang='lat' dir='ltr'><em>Petri,</em></span> <span class='ocrx_word' id='word_1_201' title='bbox 327 2596 414 2651; x_wconf 86' lang='lat' dir='ltr'><em>Gesta</em></span> <span class='ocrx_word' id='word_1_202' title='bbox 431 2614 456 2651; x_wconf 90' lang='lat' dir='ltr'><em>s</em></span> <span class='ocrx_word' id='word_1_203' title='bbox 477 2595 611 2651; x_wconf 73' lang='lat' dir='ltr'><em>Historia</em></span> <span class='ocrx_word' id='word_1_204' title='bbox 624 2596 790 2663; x_wconf 87' lang='lat' dir='ltr'><em>Clementis,</em></span> <span class='ocrx_word' id='word_1_205' title='bbox 809 2598 930 2651; x_wconf 79' lang='lat' dir='ltr'><em>Cleml</em></span> <span class='ocrx_word' id='word_1_206' title='bbox 917 2596 990 2652; x_wconf 87' lang='lat' dir='ltr'><em>libri</em></span> <span class='ocrx_word' id='word_1_207' title='bbox 1006 2597 1041 2651; x_wconf 89' lang='lat' dir='ltr'><em>de</em></span> <span class='ocrx_word' id='word_1_208' title='bbox 1061 2595 1191 2670; x_wconf 85' lang='lat' dir='ltr'><em>disputa·</em></span> 
     </span>
     <span class='ocr_line' id='line_1_29' title="bbox 212 2671 1193 2757; baseline -0.002 -20"><span class='ocrx_word' id='word_1_209' title='bbox 212 2681 291 2737; x_wconf 81' lang='lat' dir='ltr'><em>trane</em></span> <span class='ocrx_word' id='word_1_210' title='bbox 309 2681 395 2737; x_wconf 79' lang='lat' dir='ltr'><em>Petri</em></span> <span class='ocrx_word' id='word_1_211' title='bbox 411 2698 472 2736; x_wconf 89' lang='lat' dir='ltr'><em>cum</em></span> <span class='ocrx_word' id='word_1_212' title='bbox 490 2680 607 2737; x_wconf 83' lang='lat' dir='ltr'><em>Simone</em></span> <span class='ocrx_word' id='word_1_213' title='bbox 625 2697 712 2757; x_wconf 77' lang='lat' dir='ltr'><em>mago</em></span> <span class='ocrx_word' id='word_1_214' title='bbox 732 2689 810 2750; x_wconf 88' lang='lat' dir='ltr'><em>etc.‚·</em></span> <span class='ocrx_word' id='word_1_215' title='bbox 837 2681 877 2737; x_wconf 86' lang='lat' dir='ltr'><em>n</em></span> <span class='ocrx_word' id='word_1_216' title='bbox 900 2679 1120 2736; x_wconf 80' lang='lat' dir='ltr'><em>Clementiae</em></span> <span class='ocrx_word' id='word_1_217' title='bbox 1141 2671 1193 2746; x_wconf 83' lang='grc' dir='ltr'><em>(τὰ</em></span> 
     </span>
     <span class='ocr_line' id='line_1_30' title="bbox 209 2755 1192 2865; baseline -0.002 -42"><span class='ocrx_word' id='word_1_218' title='bbox 209 2767 241 2823; x_wconf 88' lang='lat' dir='ltr'><em>K</em></span> <span class='ocrx_word' id='word_1_219' title='bbox 243 2766 376 2865; x_wconf 80' lang='grc' dir='ltr'><em>λημέυττα</em></span> <span class='ocrx_word' id='word_1_220' title='bbox 393 2784 414 2822; x_wconf 87' lang='lat' dir='ltr'><em>s</em></span> <span class='ocrx_word' id='word_1_221' title='bbox 433 2756 601 2842; x_wconf 78' lang='grc' dir='ltr'><strong><em>Κλήμεντος</em></strong></span> <span class='ocrx_word' id='word_1_222' title='bbox 617 2768 675 2823; x_wconf 80' lang='grc' dir='ltr'><em>τῶν</em></span> <span class='ocrx_word' id='word_1_223' title='bbox 697 2761 813 2843; x_wconf 76' lang='grc' dir='ltr'><em>Πέτρου</em></span> <span class='ocrx_word' id='word_1_224' title='bbox 835 2766 990 2863; x_wconf 73' lang='grc' dir='ltr'><em>ἐττιὼγμτῶυ</em></span> <span class='ocrx_word' id='word_1_225' title='bbox 1006 2755 1192 2841; x_wconf 76' lang='grc' dir='ltr'><em>κγουγμάτωυ</em></span> 
     </span>
     <span class='ocr_line' id='line_1_31' title="bbox 210 2842 1192 2927; baseline -0.007 -17"><span class='ocrx_word' id='word_1_226' title='bbox 210 2842 359 2927; x_wconf 61' lang='lat' dir='ltr'><em>insecuri),</em></span> <span class='ocrx_word' id='word_1_227' title='bbox 378 2868 498 2925; x_wconf 87' lang='lat' dir='ltr'><em>quorum</em></span> <span class='ocrx_word' id='word_1_228' title='bbox 516 2850 652 2906; x_wconf 80' lang='lat' dir='ltr'><em>bomalias</em></span> <span class='ocrx_word' id='word_1_229' title='bbox 670 2850 876 2924; x_wconf 78' lang='lat' dir='ltr'><em>duodeuiginti</em></span> <span class='ocrx_word' id='word_1_230' title='bbox 886 2850 1006 2923; x_wconf 84' lang='lat' dir='ltr'><em>priores</em></span> <span class='ocrx_word' id='word_1_231' title='bbox 1025 2857 1056 2904; x_wconf 88' lang='lat' dir='ltr'><em>et</em></span> <span class='ocrx_word' id='word_1_232' title='bbox 1071 2848 1192 2904; x_wconf 86' lang='lat' dir='ltr'><em>undeci-</em></span> 
     </span>
     <span class='ocr_line' id='line_1_32' title="bbox 208 2933 1191 3011; baseline -0.008 -19"><span class='ocrx_word' id='word_1_233' title='bbox 208 2952 349 3011; x_wconf 77' lang='lat' dir='ltr'><em>gesimam</em></span> <span class='ocrx_word' id='word_1_234' title='bbox 360 2935 457 2990; x_wconf 91' lang='lat' dir='ltr'><em>altera</em></span> <span class='ocrx_word' id='word_1_235' title='bbox 461 2943 552 3010; x_wconf 90' lang='lat' dir='ltr'><em>parte</em></span> <span class='ocrx_word' id='word_1_236' title='bbox 562 2935 692 2990; x_wconf 83' lang='lat' dir='ltr'><em>mutilam</em></span> <span class='ocrx_word' id='word_1_237' title='bbox 697 2953 812 3009; x_wconf 89' lang='lat' dir='ltr'><em>prunas</em></span> <span class='ocrx_word' id='word_1_238' title='bbox 821 2952 860 2989; x_wconf 77' lang='lat' dir='ltr'><em>eso</em></span> <span class='ocrx_word' id='word_1_239' title='bbox 878 2934 944 2989; x_wconf 86' lang='lat' dir='ltr'><em>cod.</em></span> <span class='ocrx_word' id='word_1_240' title='bbox 963 2933 1061 2989; x_wconf 85' lang='lat' dir='ltr'><em>Paris</em></span> <span class='ocrx_word' id='word_1_241' title='bbox 1080 2950 1191 3009; x_wconf 55' lang='lat' dir='ltr'><em>maere</em></span> 
     </span>
     <span class='ocr_line' id='line_1_33' title="bbox 211 3017 1191 3093; baseline -0.005 -16"><span class='ocrx_word' id='word_1_242' title='bbox 211 3021 307 3077; x_wconf 78' lang='lat' dir='ltr'><em>edidit</em></span> <span class='ocrx_word' id='word_1_243' title='bbox 324 3021 380 3076; x_wconf 90' lang='lat' dir='ltr'><em>Ca</em></span> <span class='ocrx_word' id='word_1_244' title='bbox 368 3019 504 3089; x_wconf 88' lang='lat' dir='ltr'><em>telerius,·</em></span> <span class='ocrx_word' id='word_1_245' title='bbox 528 3019 582 3075; x_wconf 86' lang='grc' dir='ltr'><em>ΙΙΙ.</em></span> <span class='ocrx_word' id='word_1_246' title='bbox 607 3019 830 3074; x_wconf 82' lang='lat' dir='ltr'><em>Clementiae</em></span> <span class='ocrx_word' id='word_1_247' title='bbox 850 3018 1000 3093; x_wconf 83' lang='lat' dir='ltr'><em>epitome</em></span> <span class='ocrx_word' id='word_1_248' title='bbox 1019 3017 1061 3072; x_wconf 89' lang='lat' dir='ltr'><em>de</em></span> <span class='ocrx_word' id='word_1_249' title='bbox 1076 3018 1191 3093; x_wconf 80' lang='lat' dir='ltr'><em>gestis</em></span> 
     </span>
     <span class='ocr_line' id='line_1_34' title="bbox 209 3094 1191 3183; baseline -0.004 -21"><span class='ocrx_word' id='word_1_250' title='bbox 209 3106 325 3173; x_wconf 83' lang='lat' dir='ltr'><em>Petri,</em></span> <span class='ocrx_word' id='word_1_251' title='bbox 349 3095 531 3183; x_wconf 78' lang='grc' dir='ltr'><em>(Κλτγμευτος</em></span> <span class='ocrx_word' id='word_1_252' title='bbox 549 3102 612 3183; x_wconf 72' lang='grc' dir='ltr'><em>περὶ</em></span> <span class='ocrx_word' id='word_1_253' title='bbox 637 3105 695 3160; x_wconf 81' lang='grc' dir='ltr'><em>τῶν</em></span> <span class='ocrx_word' id='word_1_254' title='bbox 712 3094 842 3180; x_wconf 79' lang='grc' dir='ltr'><em>πράξοωυ</em></span> <span class='ocrx_word' id='word_1_255' title='bbox 860 3104 1014 3179; x_wconf 79' lang='grc' dir='ltr'><em>ἐπτὸτγμτῶυ</em></span> <span class='ocrx_word' id='word_1_256' title='bbox 1031 3122 1062 3160; x_wconf 78' lang='grc' dir='ltr'><em>τε</em></span> <span class='ocrx_word' id='word_1_257' title='bbox 1079 3102 1128 3160; x_wconf 81' lang='grc' dir='ltr'><em>καὶ</em></span> <span class='ocrx_word' id='word_1_258' title='bbox 1145 3123 1191 3177; x_wconf 83' lang='grc' dir='ltr'><em>κη-</em></span> 
     </span>
     <span class='ocr_line' id='line_1_35' title="bbox 209 3180 1191 3290; baseline -0.006 -41"><span class='ocrx_word' id='word_1_259' title='bbox 209 3183 359 3290; x_wconf 79' lang='grc' dir='ltr'><em>ρυγμάτωυ</em></span> <span class='ocrx_word' id='word_1_260' title='bbox 384 3191 436 3247; x_wconf 82' lang='grc' dir='ltr'><em>τοῦ</em></span> <span class='ocrx_word' id='word_1_261' title='bbox 464 3186 545 3266; x_wconf 83' lang='grc' dir='ltr'><em>ἁγίου</em></span> <span class='ocrx_word' id='word_1_262' title='bbox 572 3188 621 3247; x_wconf 82' lang='grc' dir='ltr'><em>καὶ</em></span> <span class='ocrx_word' id='word_1_263' title='bbox 638 3188 796 3267; x_wconf 75' lang='lat' dir='ltr'><em>aopvopoaoc</em></span> <span class='ocrx_word' id='word_1_264' title='bbox 813 3190 870 3247; x_wconf 73' lang='grc' dir='ltr'><em>τῶν</em></span> <span class='ocrx_word' id='word_1_265' title='bbox 887 3180 1059 3247; x_wconf 80' lang='grc' dir='ltr'><em>ἀποστόλων</em></span> <span class='ocrx_word' id='word_1_266' title='bbox 1076 3188 1191 3265; x_wconf 70' lang='grc' dir='ltr'><em>Πέτρου</em></span> 
     </span>
     <span class='ocr_line' id='line_1_36' title="bbox 210 3261 1191 3351; baseline -0.006 -19"><span class='ocrx_word' id='word_1_267' title='bbox 210 3267 327 3351; x_wconf 82' lang='grc' dir='ltr'><em>ἐττυτομή</em></span> <span class='ocrx_word' id='word_1_268' title='bbox 347 3296 372 3331; x_wconf 84' lang='grc' dir='ltr'><em>κ.</em></span> <span class='ocrx_word' id='word_1_269' title='bbox 390 3293 414 3331; x_wconf 81' lang='grc' dir='ltr'><em>τ.</em></span> <span class='ocrx_word' id='word_1_270' title='bbox 434 3274 458 3331; x_wconf 81' lang='lat' dir='ltr'><em>l.</em></span> <span class='ocrx_word' id='word_1_271' title='bbox 461 3281 474 3346; x_wconf 83' lang='grc'><strong><em>)</em></strong></span> <span class='ocrx_word' id='word_1_272' title='bbox 496 3290 578 3331; x_wconf 82' lang='lat' dir='ltr'><em>euius</em></span> <span class='ocrx_word' id='word_1_273' title='bbox 596 3272 633 3329; x_wconf 92' lang='lat' dir='ltr'><em>ab</em></span> <span class='ocrx_word' id='word_1_274' title='bbox 651 3273 730 3330; x_wconf 87' lang='lat' dir='ltr'><em>Adr</em></span> <span class='ocrx_word' id='word_1_275' title='bbox 756 3271 887 3329; x_wconf 74' lang='lat' dir='ltr'><em>luruebo</em></span> <span class='ocrx_word' id='word_1_276' title='bbox 901 3274 1028 3347; x_wconf 80' lang='lat' dir='ltr'><em>primum</em></span> <span class='ocrx_word' id='word_1_277' title='bbox 1047 3272 1123 3347; x_wconf 81' lang='lat' dir='ltr'><em>typis</em></span> <span class='ocrx_word' id='word_1_278' title='bbox 1141 3261 1191 3326; x_wconf 90' lang='lat' dir='ltr'><em>de-</em></span> 
     </span>
     <span class='ocr_line' id='line_1_37' title="bbox 210 3356 1191 3434; baseline -0.004 -19"><span class='ocrx_word' id='word_1_279' title='bbox 210 3360 340 3434; x_wconf 83' lang='lat' dir='ltr'><em>scriptae</em></span> <span class='ocrx_word' id='word_1_280' title='bbox 360 3366 420 3414; x_wconf 88' lang='lat' dir='ltr'><em>tres</em></span> <span class='ocrx_word' id='word_1_281' title='bbox 439 3366 511 3414; x_wconf 90' lang='lat' dir='ltr'><em>teste</em></span> <span class='ocrx_word' id='word_1_282' title='bbox 532 3358 680 3413; x_wconf 81' lang='lat' dir='ltr'><em>Cotelereo</em></span> <span class='ocrx_word' id='word_1_283' title='bbox 700 3374 888 3413; x_wconf 82' lang='lat' dir='ltr'><em>recensiones</em></span> <span class='ocrx_word' id='word_1_284' title='bbox 906 3358 984 3413; x_wconf 86' lang='lat' dir='ltr'><em>inter</em></span> <span class='ocrx_word' id='word_1_285' title='bbox 1000 3375 1032 3412; x_wconf 92' lang='lat' dir='ltr'><em>se</em></span> <span class='ocrx_word' id='word_1_286' title='bbox 1049 3356 1191 3430; x_wconf 89' lang='lat' dir='ltr'><em>baudpa·</em></span> 
     </span>
     <span class='ocr_line' id='line_1_38' title="bbox 210 3440 1187 3517; baseline -0.004 -18"><span class='ocrx_word' id='word_1_287' title='bbox 210 3460 274 3500; x_wconf 90' lang='lat' dir='ltr'><em>rum</em></span> <span class='ocrx_word' id='word_1_288' title='bbox 302 3443 435 3499; x_wconf 83' lang='lat' dir='ltr'><em>diversae</em></span> <span class='ocrx_word' id='word_1_289' title='bbox 463 3443 492 3497; x_wconf 91' lang='lat' dir='ltr'><em>iu</em></span> <span class='ocrx_word' id='word_1_290' title='bbox 522 3440 700 3499; x_wconf 80' lang='lat' dir='ltr'><em>bibliotheca</em></span> <span class='ocrx_word' id='word_1_291' title='bbox 726 3443 813 3517; x_wconf 81' lang='lat' dir='ltr'><em>regia</em></span> <span class='ocrx_word' id='word_1_292' title='bbox 830 3442 1187 3499; x_wconf 82' lang='lat' dir='ltr'><em>Parisino-asservantur.</em></span> 
     </span>
     <span class='ocr_line' id='line_1_39' title="bbox 209 3524 1191 3601; baseline -0.006 -16"><span class='ocrx_word' id='word_1_293' title='bbox 209 3529 271 3585; x_wconf 89' lang='lat' dir='ltr'><em>Iam</em></span> <span class='ocrx_word' id='word_1_294' title='bbox 298 3546 367 3583; x_wconf 89' lang='lat' dir='ltr'><em>cero</em></span> <span class='ocrx_word' id='word_1_295' title='bbox 395 3527 638 3601; x_wconf 78' lang='lat' dir='ltr'><em>Recogaitiouum</em></span> <span class='ocrx_word' id='word_1_296' title='bbox 666 3526 773 3595; x_wconf 85' lang='lat' dir='ltr'><em>libros,</em></span> <span class='ocrx_word' id='word_1_297' title='bbox 792 3528 822 3583; x_wconf 91' lang='lat' dir='ltr'><em>si</em></span> <span class='ocrx_word' id='word_1_298' title='bbox 837 3546 900 3584; x_wconf 85' lang='lat' dir='ltr'><em>eam</em></span> <span class='ocrx_word' id='word_1_299' title='bbox 921 3525 1109 3583; x_wconf 86' lang='lat' dir='ltr'><em>Clementim&#39;s</em></span> <span class='ocrx_word' id='word_1_300' title='bbox 1127 3524 1191 3581; x_wconf 90' lang='lat' dir='ltr'><em>istis</em></span> 
     </span>
     <span class='ocr_line' id='line_1_40' title="bbox 211 3608 1190 3688; baseline -0.005 -19"><span class='ocrx_word' id='word_1_301' title='bbox 211 3621 243 3669; x_wconf 91' lang='lat' dir='ltr'><em>et</em></span> <span class='ocrx_word' id='word_1_302' title='bbox 257 3612 392 3688; x_wconf 84' lang='lat' dir='ltr'><em>Epitome</em></span> <span class='ocrx_word' id='word_1_303' title='bbox 410 3612 525 3667; x_wconf 84' lang='lat' dir='ltr'><em>carioso</em></span> <span class='ocrx_word' id='word_1_304' title='bbox 544 3608 752 3686; x_wconf 84' lang='lat' dir='ltr'><em>conseruntur,</em></span> <span class='ocrx_word' id='word_1_305' title='bbox 782 3613 913 3688; x_wconf 89' lang='lat' dir='ltr'><em>utrisque</em></span> <span class='ocrx_word' id='word_1_306' title='bbox 932 3610 1125 3685; x_wconf 81' lang='lat' dir='ltr'><em>anti&#39;qaiorem</em></span> <span class='ocrx_word' id='word_1_307' title='bbox 1143 3626 1190 3665; x_wconf 83' lang='lat' dir='ltr'><em>ae-</em></span> 
     </span>
    </p>
   </div>
   <div class='ocr_carea' id='block_1_4' title="bbox 209 3837 1189 3937">
    <p class='ocr_par' dir='ltr' id='par_1_4' title="bbox 209 3837 1189 3937">
     <span class='ocr_line' id='line_1_41' title="bbox 209 3837 1189 3937; baseline 0 -54"><span class='ocrx_word' id='word_1_308' title='bbox 209 3840 314 3936; x_wconf 51' lang='grc' dir='ltr'><em>Ρέὲιξγῑ.</em></span> <span class='ocrx_word' id='word_1_309' title='bbox 321 3842 367 3935; x_wconf 58' lang='lat' dir='ltr'><em>ibin</em></span> <span class='ocrx_word' id='word_1_310' title='bbox 374 3840 528 3937; x_wconf 51' lang='lat' dir='ltr'><em>pilipphppape</em></span> <span class='ocrx_word' id='word_1_311' title='bbox 536 3844 589 3937; x_wconf 54' lang='grc' dir='ltr'><em>,1ῗέ</em></span> <span class='ocrx_word' id='word_1_312' title='bbox 599 3841 767 3937; x_wconf 46' lang='lat' dir='ltr'><em>‘bitumum’</em></span> <span class='ocrx_word' id='word_1_313' title='bbox 782 3847 804 3885; x_wconf 78' lang='lat' dir='ltr'><em>et</em></span> <span class='ocrx_word' id='word_1_314' title='bbox 813 3841 849 3890; x_wconf 81' lang='lat' dir='ltr'><em>Id</em></span> <span class='ocrx_word' id='word_1_315' title='bbox 859 3844 887 3886; x_wconf 84' lang='lat' dir='ltr'><em>de</em></span> <span class='ocrx_word' id='word_1_316' title='bbox 896 3840 997 3884; x_wconf 81' lang='lat' dir='ltr'><em>adulter</em></span> <span class='ocrx_word' id='word_1_317' title='bbox 1012 3837 1062 3883; x_wconf 82' lang='lat' dir='ltr'><em>libr.</em></span> <span class='ocrx_word' id='word_1_318' title='bbox 1075 3837 1189 3895; x_wconf 69' lang='lat' dir='ltr'><em>origenis,</em></span> 
     </span>
    </p>
   </div>
   <div class='ocr_carea' id='block_1_5' title="bbox 0 0 1322 4400">
    <p class='ocr_par' dir='ltr' id='par_1_5' title="bbox 0 0 1322 4400">
     <span class='ocr_line' id='line_1_42' title="bbox 0 0 1322 4400; baseline 0 0"><span class='ocrx_word' id='word_1_319' title='bbox 0 0 1322 4400; x_wconf 95' lang='lat' dir='ltr'><em> </em></span> 
     </span>
    </p>
   </div>
  </div>
 </body>
</html>
