2634 4400
588 308 658 375 ΜΒ

511 400 726 419 ὴ--Ι-

168 514 203 575 li.
251 514 355 576 Sciam
373 534 446 595 crgo
464 514 599 576 conditor
618 538 634 575 a
652 515 728 575 nullo
748 526 851 594 sponte
872 518 965 576 veniri
982 516 1020 577 ad
1037 538 1110 597 ago·

126 601 451 679 nem,dum1elugitur
476 600 569 674 labor,
598 603 653 661 boc
676 612 733 673 est,
762 599 799 660 ad
825 601 1005 661 exercendas
1031 615 1109 662 artes

127 690 196 745 istas
214 706 284 767 quas
302 704 388 766 supra
411 686 544 757 diximus,
565 704 625 766 per
636 705 705 767 quas
722 687 769 745 vel
795 688 905 746 institia
931 690 1110 750 uniuscuius-

126 792 181 851 que
199 773 246 833 vel
265 771 464 833 misericordia
482 773 660 831 manifestari
678 783 786 851 potest,
818 792 924 851 corpus
941 773 1048 831 bomini
1067 775 1110 832 le·

127 860 178 929 eit,
200 855 275 935 quod
293 859 395 917 famem
414 868 444 917 et
462 859 535 916 sitim
556 868 585 916 ot
603 858 696 935 frigus
713 860 872 937 reciperet,
902 868 933 917 nt
958 858 1110 918 nelieiendi

126 943 259 1041 oonppris
278 962 380 1001 caussa
398 942 536 1022 compulsi
554 943 694 1014 homines,
715 942 751 1001 ad
770 962 869 1003 omnes
883 962 1110 1022 quassupraex-

125 1029 270 1107 posuimus
285 1038 365 1101 artes
383 1029 475 1087 victus
494 1028 669 1087 necessitate
688 1027 913 1089 descenderent.
947 1028 1011 1088 Cibi
1035 1030 1109 1115 eninr

127 1124 156 1173 et
175 1122 259 1191 potus
278 1124 362 1191 atque
381 1112 537 1173 indumenti
557 1115 660 1191 gratia,
681 1114 808 1214 sipgulas
826 1132 952 1194 quasque
970 1125 1110 1174 artescx·

126 1209 228 1278 petere
248 1198 415 1257 edocemur.
461 1198 499 1257 Et
516 1198 637 1257 biotam
665 1200 885 1281 uniuscuiusque
911 1200 1015 1259 mentis
1042 1220 1110 1279 pro·
1168 1275 1172 1281 1

125 1284 249 1363 positum
269 1282 446 1354 declaratur,
476 1293 568 1341 utrum
592 1285 796 1343 necessitatem
823 1285 906 1343 lamis
934 1295 965 1343 et
990 1285 1110 1363 frigoris

62 1446 64 1451 ι
125 1388 178 1447 per
198 1369 274 1427 lurta
292 1380 322 1427 et
340 1366 493 1427 homicidia
511 1387 546 1427 ac
564 1370 692 1448 periuria
710 1370 827 1439 sarciat,
852 1385 962 1447 perque
985 1372 1040 1428 alia
1059 1371 1110 1429 bu*

125 1452 247 1533 insmodi
265 1454 389 1524 scelera,
410 1474 445 1512 aa
464 1454 610 1525 iustitiam,
631 1453 869 1525 misericordiam,
890 1455 1111 1513 continentiam-

126 1559 181 1618 que
201 1539 381 1610 custodiens,
410 1540 480 1597 antis
498 1534 592 1598 studio
620 1550 650 1599 et
668 1552 797 1598 manuum
820 1538 920 1598 labore
939 1540 1110 1599 imminentis

126 1624 309 1684 necessitatis
328 1626 444 1704 expleat
462 1624 659 1683 ministerium.
708 1624 741 1683 Si
768 1626 844 1683 enim
871 1644 934 1683 eum
952 1625 1062 1684 institia
1081 1636 1112 1684 et

125 1712 235 1789 pietate
255 1728 288 1767 ac
307 1708 506 1769 misericordia
523 1712 727 1769 necessitatem
746 1710 879 1786 corporis
889 1710 1039 1788 transigat,
1058 1729 1111 1769 ve·

125 1796 166 1853 lut
184 1795 325 1873 propositi
344 1797 445 1873 agonis
464 1796 568 1867 victor,
589 1796 697 1853 amiens
715 1796 766 1853 lilii
785 1793 832 1853 dei
847 1795 1108 1855 etelectasabsce·

125 1880 177 1939 dit.
227 1878 258 1938 Si
276 1898 347 1939 veno
366 1886 419 1959 pei
437 1878 564 1952 fraudes,
585 1900 639 1959 per
656 1881 821 1958 iniquitates
848 1891 879 1939 et
902 1877 1016 1939 scelera
1039 1898 1110 1941 eon·

125 1967 312 2043 cupiscentiis
331 1964 457 2025 deseruit
476 1965 685 2045 corporalibus,
705 1966 843 2045 principis
861 1967 943 2025 buius
962 1964 1110 2026 mandist-

125 2070 180 2129 que
200 2052 322 2109 omnium
342 2051 508 2110 daemonnm
527 2052 635 2110 amicus
654 2052 790 2123 efficitur,
809 2051 1035 2131 aquibusctiam
1053 2052 1109 2111 boe

125 2134 278 2207 edocetur,
299 2147 331 2195 ut
348 2137 492 2195 stellarum
513 2137 643 2195 cursibus
661 2138 798 2195 malorum
822 2154 936 2195 snorum
963 2133 1110 2195 adscribat

125 2241 254 2292 erronea,
276 2241 346 2300 quos
365 2223 477 2282 nonnisi
495 2225 644 2301 proposito
664 2241 698 2280 ac
717 2223 863 2282 voluntate
891 2220 1011 2299 delegit.
1057 2221 1110 2280 Et-

126 2309 201 2366 enim
221 2317 298 2366 antes
317 2319 454 2388 cogente,
475 2317 506 2364 ut
525 2305 656 2377 diximus,
678 2306 735 2364 cibi
754 2327 790 2365 ac
807 2317 892 2384 potus
909 2305 1110 2385 voluptatedi-

125 2403 244 2452 scuntur
262 2403 291 2451 et
310 2404 500 2464 exercentur3
522 2409 596 2470 quae
613 2391 754 2470 voluptas,
775 2411 837 2450 cnm
860 2393 1020 2451 accesserit
1046 2394 1109 2450 uni·

125 2479 228 2556 cuique
250 2480 380 2537 veritatis
399 2479 520 2556 agnitio,
541 2472 681 2536 infirmior
698 2477 824 2536 allicitur
840 2475 1016 2536 succedente
1043 2497 1110 2556 par·

125 2565 256 2622 simonia.
304 2564 430 2637 Quantus
449 2564 523 2622 enim
542 2573 648 2621 sumtus
668 2573 723 2634 est,
744 2583 818 2642 aqna
836 2572 867 2622 et
880 2581 954 2642 pane
963 2558 1110 2622 utentibus

125 2660 157 2707 et
173 2649 247 2711 bunc
266 2668 283 2706 a
302 2645 357 2707 deo
377 2647 578 2726 sperantibus?

169 2734 201 2792 7.
247 2733 401 2812 Ειιιιςο,
423 2745 453 2792 nt
471 2732 603 2806 diximus,
624 2734 792 2796 necessaria
801 2733 940 2813 quaedam
950 2735 978 2792 in
992 2732 1109 2812 dispon-

124 2821 236 2879 satione
256 2817 351 2878 mundi
369 2819 567 2897 inaequalitas,
589 2818 652 2879 dum
672 2838 771 2879 omnes
789 2817 902 2899 quidem
912 2821 1042 2879 bomines
1051 2840 1108 2879 non

124 2906 220 2964 omnia
237 2915 356 2983 possunt
373 2906 450 2964 scire
469 2905 517 2977 vel
533 2904 652 2984 implere
670 2906 805 2976 artilicia,
825 2926 877 2966 usn
894 2915 990 2964 tamen
1009 2917 1040 2965 et
1057 2907 1109 2964 mi·

123 2991 246 3048 misterio
275 2989 398 3048 omnium
425 3007 518 3068 paene
545 3009 644 3048 omnes
671 2988 822 3066 indigent,
852 3001 882 3048 et
912 2989 949 3047 ob
974 2991 1031 3048 boc
1057 3006 1113 3049 net·¹

124 3091 209 3132 cesse
237 3083 281 3130 est
308 3074 391 3132 alium
420 3075 554 3152 operari,
592 3074 677 3132 alium
704 3073 836 3151 operanti
862 3073 1006 3151 praebere
1033 3093 1110 3133 naer-

123 3155 238 3228 cedem,
268 3157 352 3216 alium
371 3160 493 3229 serviro,
522 3159 605 3216 ali'um
625 3157 781 3229 dominari,
810 3158 894 3216 aliurn
913 3160 993 3236 regi,
1023 3159 1109 3218 alium

123 3261 283 3322 regere.
299 3240 359 3301 Sed
386 3243 458 3303 bane
486 3245 717 3330 inaequalitatem
744 3262 817 3321 quac
839 3243 1001 3303 mortalium
1022 3244 1109 3304 mun

124 3329 294 3388 necessario
312 3329 484 3409 subsequuta
502 3340 557 3402 est,
579 3327 673 3388 divina
691 3327 895 3416 providentia
886 3348 914 3385 ιιι
925 3329 1109 3390 oemionom

124 3414 262 3486 iustitiae,
282 3413 511 3486 misericordiae,
532 3372 770 3515 binmanitatisque
798 3417 958 3486 convertit,
986 3424 1018 3474 ut
1044 3415 1109 3474 dnm

124 3500 224 3558 baec
216 3510 293 3558 anter
302 3499 431 3559 hommes
441 3511 573 3584 aguntur,
595 3501 632 3560 sut
641 3518 794 3578 unicunque
804 3517 904 3558 caussa
915 3500 988 3558 inste
1003 3499 1110 3600 agendi

125 3603 188 3642 eum
208 3599 256 3656 eo,
277 3587 323 3644 eui
342 3603 455 3644 merces
474 3586 571 3665 operis
589 3583 765 3645 exsolvenda
783 3596 838 3657 est,
859 3595 890 3644 et
907 3584 1034 3644 faciendi
1056 3587 1109 3643 mi·

125 3668 311 3729 sericondiann
330 3689 394 3730 curn
413 3689 462 3744 eo,
483 3671 530 3750 qui
548 3667 696 3730 debilitate
714 3671 845 3729 foimssis
862 3681 912 3728 aut
928 3670 1049 3748 penuria
1065 3671 1110 3728 iu·¹

124 3752 307 3827 tercedente,
337 3755 462 3814 debitum
488 3751 604 3814 solvere
631 3775 688 3815 non
709 3765 823 3841 potest,
852 3752 905 3813 sod
932 3765 962 3813 et
986 3753 1111 3814 bumane

125 3837 230 3918 agendi
249 3857 312 3898 cum
331 3841 374 3900 bis
393 3841 440 3920 qui
459 3839 625 3900 conditione
642 3839 777 3900 videntur
790 3836 927 3912 obnoxii,
946 3847 1110 3927 mausuetu-

124 3919 233 3982 dinem
239 3943 351 4004 quoque
371 3926 560 3996 conservandi
580 3945 652 4006 erga
670 3925 832 3997 subiectos,
852 3935 892 3989 et
913 3919 1009 3986 onmia
1025 3945 1105 4005 pror
