2634 4400
482 261 487 271 “
665 271 730 333 reo

137 485 143 491 “
203 481 294 560 magis
313 497 393 560 quam
413 480 463 538 sub
482 499 537 538 uuo
556 479 785 580 congregatione
812 477 868 536 iter
894 488 1027 555 agentes,
1057 480 1187 558 singulas

203 587 328 646 quasque
347 567 521 624 introeamus
540 565 666 642 gentium
684 565 827 622 civitates.

245 651 279 710 u
327 651 396 710 Scio
415 660 510 710 autem
529 651 594 728 quia
611 650 695 708 trista
712 648 793 707 vobis
810 645 947 745 videtur,
957 609 1032 728 quod
1050 648 1188 711 videmini

178 749 180 753 '
203 755 283 796 ame
303 735 421 796 duorum
440 735 539 794 saltem
559 733 667 794 dierum
686 735 780 812 spatio
798 735 943 811 separari3
973 733 1086 794 credite
1103 737 1186 806 mibi,

203 822 268 900 quia
279 841 332 899 qua
347 840 478 880 mensura
497 819 615 897 diligitis
634 838 690 889 me,
703 817 833 896 ,decuplo
852 819 974 895 amplior
992 820 1058 878 milri
1073 841 1189 899 quoque

203 925 276 983 erga
292 926 345 965 vos
362 906 482 964 affectus
501 915 556 976 est,
577 903 629 962 sed
647 905 672 962 si
689 923 743 982 pro
761 903 898 973 all'ectu„
913 923 997 981 quern
1024 904 1189 964 adinvicem

202 992 341 1068 gerimus,
362 1011 418 1048 non
436 991 571 1048 iaciamus
591 1008 665 1067 quae
684 989 884 1046 convenientia
902 998 934 1046 et
958 988 1081 1047 bonesta
1107 1001 1187 1061 suut,

201 1075 407 1136 irrationabilis
426 1071 584 1132 huiusmodi
602 1093 683 1131 amor
700 1071 852 1132 videbitur.
872 1071 911 1130 Et
928 1071 996 1131 ideo
1006 1093 1198 1152 nequaquam·

203 1160 284 1218 titulo
303 1158 430 1220 caritatis
448 1158 606 1228 imminuto,
627 1177 699 1237 quae
718 1158 799 1216 utilia
816 1155 949 1216 videntur
965 1161 1189 1217 acuecessaria

202 1263 407 1323 procuremus,
436 1243 558 1312 maxime
577 1262 639 1300 cum
659 1243 751 1301 nullus
778 1241 840 1300 dies
868 1243 959 1320 possit
976 1241 1185 1315 intercedere,

202 1349 258 1407 quo
278 1349 334 1386 non
354 1327 592 1406 disputationibus
610 1327 682 1386 meis
701 1328 843 1385 interesse
861 1327 989 1404 possitis.
1020 1327 1077 1386 Per
1087 1329 1188 1406 siugu-

201 1414 283 1492 gulas
302 1414 376 1471 enim
395 1431 522 1492 quasque
541 1411 699 1472 nobiliores
718 1411 928 1489 provinciarum
956 1413 1088 1473 civitates
1116 1409 1187 1490 pro·

201 1500 297 1578 posui,
318 1500 393 1556 sicut
411 1499 495 1557 etiam
514 1518 565 1556 vos
584 1499 675 1567 scitis,
697 1497 787 1554 ternis
806 1495 930 1555 docendi
949 1498 1044 1574 gratia
1052 1497 1187 1557 residere

200 1583 356 1642 mensibus.
402 1582 486 1642 Nunc
506 1602 577 1658 ergo
597 1580 776 1652 Laodiciam,
794 1600 870 1658 quae
888 1592 934 1640 est
950 1581 1018 1654 urbs
1040 1584 1185 1661 proxima,

200 1667 371 1746 praecedite
390 1687 452 1737 me,
482 1676 512 1725 et
530 1686 587 1744 ego
606 1677 673 1744 post
692 1665 805 1727 biduum
823 1676 873 1725 aut
899 1664 1023 1725 triduum
1051 1678 1186 1746 quantum

200 1750 237 1812 ad
254 1753 432 1832 propositum
450 1770 541 1810 meum
569 1761 695 1831 spectat,
724 1752 861 1828 insequar
886 1771 950 1810 vos,
997 1751 1188 1830 Opperemini

200 1849 296 1896 autem
314 1857 359 1896 me
378 1836 414 1895 ad
431 1838 589 1915 proximum
609 1846 712 1914 portae
732 1836 856 1893 civitatis
882 1835 1038 1906 stabulum,
1069 1848 1100 1895 et
1116 1835 1186 1896 inde

174 1933 176 1946 ·
200 1923 302 1980 iterum
322 1921 464 1991 similiter,
486 1940 548 1980 cum
568 1920 631 1979 dies
650 1921 690 1994 ibi
707 1920 816 1997 aliquot
835 1921 1076 1998 transegerimus,
1097 1941 1191 1999 prae·

200 2003 312 2065 cedetis
331 2023 375 2064 me
394 2004 431 2062 ad
448 2004 602 2064 ulteriores
622 2005 770 2075 civitatem
800 2015 831 2062 et
856 2005 911 2062 boc
938 2025 990 2062 vos
1012 2007 1113 2066 facere
1132 2025 1188 2084 per

199 2090 326 2167 singulas
345 2091 442 2168 cupio,
464 2087 653 2148 declinandae
673 2099 804 2167 quantum
823 2089 959 2157 innubis
986 2101 1032 2148 est
1055 2089 1185 2150 invidiae

199 2177 306 2254 gratia,
327 2185 357 2235 et
374 2185 406 2234 ut
423 2175 528 2241 fratres
547 2175 594 2253 qui
613 2173 761 2233 uobiscum
780 2184 855 2245 sunt,
884 2176 975 2233 vestri
1001 2174 1186 2254 providentia

198 2261 396 2341 persingulas
414 2262 552 2320 civitates
562 2271 663 2338 parata
680 2260 860 2319 invenientes
877 2258 1012 2340 bospitio,
1033 2262 1186 2321 miuusva-

198 2348 263 2423 gari
280 2345 480 2406 videantur.

240 2431 276 2491 ll.
324 2430 402 2491 llaec
422 2429 537 2490 dicente
557 2430 643 2489 Petro
671 2431 838 2489 necessario
865 2427 1056 2508 adquiescunt
1082 2430 1184 2490 diceu-

198 2527 259 2577 tes.
286 2514 353 2573 Non
370 2514 453 2573 valde
480 2534 533 2572 nos
561 2516 713 2572 contristat
739 2512 794 2572 boc
821 2533 911 2591 agere
934 2516 999 2593 quia
1017 2536 1035 2573 a
1054 2525 1082 2574 te
1101 2516 1185 2574 iube-

197 2619 271 2672 mur,
292 2600 338 2677 qui
358 2599 452 2657 omnia
471 2608 501 2655 et
519 2597 593 2657 beno
612 2618 702 2677 agere
722 2610 751 2657 et
768 2598 843 2657 bene
862 2600 1016 2658 consulere
1034 2620 1088 2678 per
1098 2600 1184 2659 (ibri-

198 2686 234 2743 sti
253 2682 460 2761 providentiam
480 2682 589 2742 electus
609 2702 652 2756 es,
673 2682 725 2743 sed
743 2694 774 2742 et
790 2703 847 2741 uua
865 2682 911 2743 die
938 2695 988 2743 aut
1014 2685 1039 2743 si
1066 2686 1184 2743 multum

196 2767 296 2839 biduo,
318 2768 442 2846 quamvis
461 2766 569 2845 grande
588 2770 636 2839 sit,
657 2770 685 2825 in
704 2768 760 2826 boc
779 2769 967 2846 omni·spatio
994 2789 1052 2827 non
1080 2768 1183 2829 videre

198 2850 341 2911 dominum
359 2861 486 2910 nostrum
504 2851 630 2923 Petrum,
651 2862 746 2911 tamen
765 2851 917 2911 tolerabile
936 2864 992 2911 est.
1040 2853 1184 2913 Conside-

197 2956 293 2998 ramus
312 2936 386 2994 enim
405 2934 472 3014 quid
490 2938 636 3015 patiantur
652 2938 693 2995 illi
713 2934 864 2998 duodecim
883 2939 990 2997 fratres
1007 2941 1112 3009 nostri,
1134 2940 1184 3017 qui

197 3020 378 3099 praecedunt
395 3039 459 3093 uos,
481 3032 510 3079 et
528 3040 654 3082 mensem
673 3039 766 3101 paene
783 3022 927 3099 integrum
946 3042 983 3081 ex
1002 3023 1092 3089 tribus
1101 3042 1183 3083 men-

197 3106 285 3177 sibus,
307 3104 407 3185 quibus
422 3125 477 3205 per
495 3125 717 3205 unamquamque
736 3105 835 3165 urbem
852 3104 975 3177 resides,
1004 3118 1084 3166 tauto
1102 3108 1191 3192 bono·

196 3190 308 3251 auditus
335 3192 375 3249 tui
403 3191 576 3273 visionisque
604 3190 782 3250 fraudantur.
831 3190 868 3249 Ut
894 3210 966 3268 ergo
993 3192 1092 3263 iubes,
1114 3184 1182 3270 quia

198 3286 279 3334 recte
299 3276 393 3337 ournia
410 3274 504 3345 iubes,
533 3293 622 3351 agere
649 3295 707 3332 non
733 3273 917 3334 morabimur.
963 3275 1001 3335 Et
1027 3276 1071 3335 bis
1094 3275 1182 3334 dictis

197 3376 398 3435 praecessere,
419 3359 548 3436 acceptis
566 3357 717 3429 mandatis,
737 3370 768 3416 ut
778 3369 860 3417 extra
873 3359 972 3433 urbem
989 3359 1184 3439 adloquerer-

197 3452 243 3499 tur
259 3444 365 3499 iratres
384 3440 430 3518 qui
449 3461 546 3501 secum
565 3444 620 3500 iter
638 3443 775 3520 agebant,
795 3462 831 3501 ue
861 3445 1015 3523 constipati
1042 3456 1072 3504 et
1099 3446 1183 3523 quasi

151 3560 155 3565 -
197 3546 260 3584 cum
287 3524 416 3597 tumultu,
446 3525 499 3586 sed
525 3528 645 3607 sparsim
673 3538 703 3585 et
729 3529 758 3585 in
776 3526 859 3587 binos
878 3526 962 3586 divisi
978 3528 1183 3607 ingrediantur·

198 3612 340 3669 ciuitates.

239 3693 270 3751 d.
317 3692 425 3753 Verum
452 3694 499 3753 ubi
522 3696 563 3753 illi
591 3698 716 3774 profecti
743 3707 905 3773 suut,.ego
935 3698 1068 3757 Clemens
1095 3696 1182 3756 valde

196 3779 310 3852 gavisus
329 3797 388 3835 sum
407 3778 482 3854 quo'd
501 3784 662 3838 mc'secuur
682 3801 746 3839 esse
765 3781 847 3850 fecit,
868 3782 1093 3840 ctaioadcum:
1116 3781 1181 3841 Dco

197 3863 304 3936 gratias
323 3880 391 3937 ago,
413 3861 487 3938 quod
506 3883 551 3921 mc
570 3884 626 3921 nou
644 3866 816 3941 praemisisti
836 3884 898 3924 ctuu
917 3867 993 3938 aliis,
1014 3868 1181 3926 uatrutristi·

1311 1052 1314 1153 l
