2634 4400
316 1241 898 1328 PRAEFATIO.

521 1505 691 1515 m

121 1774 122 1777 ,
182 1703 440 1814 [incognitionem
461 1737 536 1814 q‘nac
554 1737 587 1795 S.
610 1737 768 1794 Clementis
776 1735 1026 1795 Ramam‘namine
1035 1733 1095 1793 οὑ*-

115 1815 327 1894 conserantur,
348 1830 433 1897 qnam
452 1823 531 1880 inter
547 1841 579 1879 se
601 1823 728 1881 manente
755 1821 872 1879 diverso
899 1821 935 1878 de
962 1821 999 1878 iis
1025 1819 1095 1878 ole'rn

110 1906 312 1981 pronunciata
331 1915 430 1964 essent
445 1907 568 1976 indicia,
588 1908 621 1966 S.
644 1908 682 1964 V.
702 1906 864 1966 Masticmia
884 1915 1006 1982 anctore
1016 1906 1095 1975 enter

109 1989 485 2066 praestantissimaaeterzs
495 1993 784 2050 aeaimonnmentaa
798 1991 950 2069 plerisque
959 1991 1031 2048 orris
1041 2008 1095 2049 aa·

115 2073 261 2150 tiqnitat'is
292 2085 324 2132 et
346 2078 522 2154 scriptoram
553 2087 684 2136 ceterum
713 2077 947 2135 Cllrtstr'anarnm
975 2075 1094 2134 literate

108 2160 217 2237 peritis
234 2161 349 2221 relatae
367 2171 446 2221 sant.
492 2164 569 2231 Nam
597 2164 655 2223 etsi
680 2163 870 2233 Clementem,
900 2163 952 2240 qni
974 2160 1093 2221 saeculo

87 2265 90 2271 ·
107 2247 206 2321 prema
234 2256 360 2305 coenata
388 2250 520 2326 episcopi
545 2249 610 2307 laco
632 2250 782 2307 Romanae
796 2244 935 2325 praefuit
950 2246 1094 2309 caelatae

111 2331 197 2402 Petri
211 2334 355 2407 Apostoli
370 2333 540 2409 descpicias,
562 2342 712 2391 auctorem
730 2332 831 2390 norom
843 2331 984 2389 librarum
993 2326 1093 2405 fnisse

112 2416 424 2491 nullnpassitratianc
443 2416 640 2493 comprobari,
663 2418 746 2475 imma
764 2416 883 2475 saecula
901 2415 1030 2489 sccundo
1041 2434 1093 2483 cn·

113 2508 205 2557 tremo
225 2510 280 2558 aot
295 2502 384 2559 tertia
404 2502 522 2559 enecate
541 2503 652 2559 demam
679 2503 855 2579 compositas
872 2520 923 2559 cas
941 2509 1002 2559 csse
1020 2500 1094 2560 mul·

112 2586 149 2641 tis
167 2604 206 2641 ea
223 2587 334 2643 caussis
352 2595 384 2644 et
398 2588 555 2645 verisimile
574 2596 605 2645 et
624 2586 785 2664 probabile
810 2587 961 2657 cenentur,
992 2605 1011 2644 o
1028 2586 1092 2644 aare

112 2677 208 2727 tamen
227 2670 313 2728 doato
333 2680 364 2729 et
379 2670 522 2731 librorum
539 2672 806 2743 sacrarnmstndits
816 2671 1093 2749 etpltilasaplioruoe

113 2754 291 2813 Graecarum
310 2756 473 2834 disciplinis
491 2758 657 2827 liberaliter
676 2758 791 2816 erudita
811 2758 915 2827 editas,
937 2765 970 2815 et
985 2755 1094 2815 ternod

111 2841 336 2899 consuetudines
355 2843 546 2919 institutaque
566 2844 812 2913 Christianarum,
841 2852 895 2919 pot
908 2841 1028 2901 saeculo
1045 2861 1092 2900 se·

110 2924 205 2981 canda
223 2926 365 2985 venerant
373 2929 594 3004 pernoscenda,
624 2938 683 2986 tnm
711 2928 751 2987 ad
773 2929 842 2985 aeci
862 2928 942 2986 illins
958 2916 1092 2986 rationes

110 3017 141 3065 et
157 3008 373 3083 haereticoram
392 3022 553 3071 commenta
576 3013 773 3089 intellegenda
800 3032 864 3071 cnm
889 3014 1015 3071 maxime
1042 3030 1093 3069 cas

10 3160 11 3167 ἵ
109 3093 231 3151 z'tlaneos
249 3113 311 3151 esse
328 3106 443 3155 veteres
461 3107 492 3154 et
507 3098 690 3169 recentiores
707 3099 897 3156 consentiant
912 3115 1021 3171 omnes.
1039 3096 1095 3155 At

10 3172 25 3188 '
109 3179 325 3254 impugnandas
343 3181 418 3237 enim
437 3190 468 3237 et
485 3183 659 3239 evertendas
681 3182 762 3239 illins
789 3177 966 3256 aeot'salsas
983 3179 1020 3237 de
1036 3198 1092 3238 an·

109 3263 187 3320 mene
206 3263 304 3321 deceno
324 3265 478 3341 opiniones
486 3262 627 3342 fabulam
646 3266 800 3343 ingeniose
819 3266 1007 3341 eneagitaoe't
1023 3283 1091 3324 anc-

44 3400 46 3408 2
111 3355 169 3417 tor,
192 3366 249 3424 qna
266 3349 371 3407 Petras
390 3352 540 3427 apostolos
568 3352 646 3409 inter
664 3350 918 3428 peregrinantium
935 3351 1016 3408 sacto
1033 3348 1095 3409 siti

109 3432 222 3489 adscito
243 3434 390 3492 Clemente
409 3436 471 3492 eive
489 3438 630 3507 Romano,
650 3438 715 3493 otro
735 3436 872 3493 dactrirea
900 3444 987 3511 atpne
1015 3436 1091 3512 apti-

108 3534 220 3575 maram
235 3519 341 3577 artium
354 3519 460 3577 stadiis
474 3538 492 3579 a
502 3522 602 3597 prima
613 3527 712 3580 aetate
722 3522 851 3591 erudita,
870 3521 998 3579 Semonis
1010 3521 1095 3596 magi

109 3600 325 3661 haereticoram
338 3604 487 3682 princepis
505 3614 668 3665 commenta
684 3606 887 3682 scelerateque
904 3602 997 3682 saeta
1020 3623 1091 3664 can-

108 3684 211 3761 cincit,
231 3696 260 3744 et
278 3708 316 3745 cn
335 3690 399 3766 ipsa
419 3691 576 3749 Clementis
593 3691 734 3760 historio,
761 3692 813 3767 qni
832 3698 975 3767 parentes
997 3691 1091 3747 caris-

108 3770 196 3829 simos
214 3781 246 3829 et
258 3770 373 3846 fratres
391 3775 463 3833 dnos
482 3775 614 3834 uterinos
630 3784 712 3835 sorte
730 3776 832 3851 z‘reiqna
850 3776 908 3831 iam
925 3774 1024 3833 maltt's
1038 3772 1090 3830 ab·

109 3854 178 3913 lene
197 3858 283 3915 annis
299 3857 360 3917 sili
375 3858 493 3938 ereptae
510 3869 543 3918 et
557 3860 637 3920 enter
652 3879 686 3919 se
702 3861 850 3920 seiunctas
864 3858 1091 3947 salnaspaalla·

1129 2444 1137 2535 l
