2634 4400
693 259 737 320 te

606 350 819 366 *σᾳ-11.

223 461 359 540 ludigero
378 463 453 522 esim
473 463 621 522 nativitate
641 461 710 520 illud
728 460 804 540 quod
823 474 887 520 erut
904 462 982 541 prius
1000 483 1084 541 quam
1101 483 1207 526 nosce·

222 559 314 617 retur,
334 549 514 625 parvulorum
534 567 613 606 more
630 547 827 624 intelligentes
844 557 991 625 putarunt,
1011 547 1207 628 etilludqnod

223 635 327 703 luerat,
348 651 402 710 pro
420 649 457 692 co
476 630 551 710 quod
570 632 658 690 luerit
684 642 837 710 ponentes,
867 633 948 710 quasi
974 652 1029 710 per
1053 651 1087 692 se
1113 635 1206 712 ipsum

222 720 327 776 lactum
348 716 447 776 dicere
466 717 575 774 insania
592 716 781 787 insanierunt,
802 727 833 774 ct
849 716 1070 794 plantationibus
1087 737 1205 796 compa-

223 821 288 860 rare
316 800 384 860 illud
410 799 486 879 quod
513 811 558 859 est
583 801 758 876 ingenitum,
786 810 818 858 ut
843 798 1021 860 daemoniosi
1046 803 1108 860 ausi
1126 813 1203 862 suut.

222 887 302 946 llaec
326 895 420 944 autom
448 885 542 942 omnia
567 885 596 941 in
623 884 771 962 impietate
797 886 955 944 constituta
980 897 1205 964 consequentem

222 970 537 1046 babentiguorantiam.
563 966 628 1027 Non
640 969 715 1026 enim
725 969 930 1028 intellexeruut
938 969 994 1028 boc
1004 971 1096 1048 ipsum
1105 969 1207 1029 diceu-

222 1065 307 1132 tesct
324 1055 413 1112 fuisse
427 1052 632 1111 etnoniuisse.
653 1053 800 1124 Quatenus
808 1055 883 1112 euim
893 1056 1004 1131 genuit,
1024 1055 1090 1125 luit,
1105 1065 1206 1133 quate·

222 1157 274 1196 uus
291 1156 363 1196 vcro
382 1148 476 1196 uatum
496 1147 551 1207 est,
572 1156 628 1195 non
647 1137 712 1196 luit.
759 1137 827 1196 Nun
846 1139 936 1197 luisse
955 1157 1028 1216 ergo
1051 1157 1114 1197 eum
1134 1159 1205 1197 eon-

222 1233 280 1280 stat
297 1231 436 1299 quotenus
458 1229 627 1293 autumem,
648 1222 737 1280 luisse
755 1232 850 1280 eutem
873 1241 937 1281 eum
955 1232 1078 1282 'constat
1104 1234 1206 1301 quate-

222 1327 274 1365 nus
301 1307 411 1383 genuit.
466 1306 546 1365 flacc
568 1316 664 1364 autem
690 1317 811 1384 utraque
838 1305 940 1366 dicore
967 1307 1050 1366 simul
1081 1305 1205 1366 eundem

222 1392 402 1461 sustinuisse,
423 1411 479 1449 uon
498 1391 638 1469 permittit
655 1391 773 1468 pietatis
790 1392 946 1469 prolessin.

262 1474 296 1537 l.
344 1433 456 1536 Deinde
475 1478 559 1534 etiam
579 1493 744 1534 communes
761 1476 954 1552 cogitationes
977 1475 1102 1534 sollicite
1128 1495 1147 1535 s
1172 1495 1206 1536 se

221 1561 364 1639 repellunt
386 1571 491 1618 tantam
519 1559 736 1657 blasphemiam,
765 1557 880 1636 dignum
907 1559 1046 1618 bonorem
1072 1561 1205 1637 ingenito

223 1645 401 1705 deferentes.
449 1643 586 1715 Quidnam
605 1643 695 1719 igitur
712 1644 775 1720 quis
791 1645 989 1720 interrogatus
1006 1643 1084 1702 dicut
1102 1664 1205 1704 eurum

222 1731 270 1809 qui
287 1729 373 1806 impie
392 1728 627 1806 appellaverunt?
648 1727 705 1785 uisi
722 1729 789 1805 quia
813 1729 868 1787 fuit
894 1729 975 1807 prius
1000 1747 1084 1806 quam
1111 1740 1204 1799 esset,

221 1815 285 1892 ipsc
312 1813 366 1870 sibi
392 1821 486 1890 pater,
516 1811 563 1889 qui
591 1829 656 1870 esse
682 1809 780 1871 babuit
806 1823 873 1871 unte
894 1831 983 1890 ‚quam
1000 1810 1054 1870 sibi
1075 1823 1108 1872 ut
1126 1823 1207 1872 esset

221 1897 424 1976 praestitisset.
444 1897 610 1976 Adeundpop
625 1897 881 1969 οιαιὶτογινὴς,1ιοι
891 1907 936 1957 est
945 1896 1071 1974 ipseslbi
1080 1907 1206 1975 pateret
1294 1942 1295 1957 ι

221 1983 283 2060 ipse
298 1980 352 2038 sibi
368 1981 453 2051 lilius,
469 1999 524 2058 qua
537 1982 650 2039 ratione
661 1978 784 2052 dicatur,
800 1991 830 2039 et
840 1999 902 2040 cum
913 1980 1026 2059 quidem
1035 2000 1093 2040 uon
1102 1983 1207 2040 luisset
1294 1968 1295 2029 Ϊ

222 2063 398 2145 quodesset,
418 2075 484 2123 ante
504 2074 620 2124 exstans
629 2065 840 2142 intelligentiae
850 2067 981 2141 signum?
997 2063 1098 2132 Audes
1107 2076 1206 2124 autem

210 2151 327 2211 -iuctum
347 2148 447 2210 dicere
465 2169 483 2208 a
500 2150 657 2229 semetipso
675 2149 745 2208 illud
763 2148 840 2228 quod
861 2149 1027 2209 ineffectum
1053 2153 1117 2211 estl
1148 2149 1205 2211 Pu-

221 2246 354 2295 taveruut
370 2246 464 2295 sutem
482 2233 641 2295 huiusmodi
660 2254 724 2293 cum
742 2234 894 2313 disciplina
911 2254 944 2294 se
961 2235 1017 2294 boc
1039 2234 1152 2306 dicere,
1165 2236 1205 2293 si-

223 2332 271 2380 cut
289 2320 374 2393 ebrii,
394 2321 441 2398 qui
460 2319 573 2379 umbras
595 2339 649 2398 pro
667 2320 761 2379 louein
778 2321 955 2378 existimant.
985 2319 1109 2397 Propter
1127 2316 1205 2398 quod

221 2416 288 2465 aute
308 2407 401 2465 omnia
418 2415 536 2483 oportet
553 2424 605 2463 uos
623 2402 821 2463 immortalium
838 2404 1043 2463 scrutationem
1060 2405 1205 2466 iacientes

221 2491 352 2569 incipere
370 2508 388 2547 a
406 2488 557 2547 dominicis
581 2488 796 2559 traditionibus,
816 2487 864 2546 ubi
881 2488 1042 2547 mortalium
1059 2487 1205 2548 conditio·

222 2592 286 2632 uem
305 2574 341 2631 ab
359 2573 563 2631 immortalibus
582 2591 729 2649 separans,
750 2570 849 2631 docuit
874 2592 927 2631 uos
944 2572 1074 2651 pericula
1091 2584 1123 2631 et
1139 2583 1205 2631 tea·

222 2658 346 2716 tationes
373 2676 462 2735 usquc
489 2655 526 2714 ad
553 2658 642 2734 ipsam
669 2672 790 2715 mortem
816 2659 959 2716 sustinere
985 2667 1106 2735 propter
1122 2676 1204 2735 spem

221 2742 360 2799 bonorum
379 2742 474 2817 regni,
495 2740 611 2799 diceus:
628 2742 656 2812 ¹)
685 2740 783 2799 Nolite
801 2742 904 2800 timere
922 2761 975 2800 eos
993 2742 1040 2819 qui
1067 2740 1205 2801 occidunt

223 2845 339 2903 corpus,
359 2824 467 2883 animas
481 2836 575 2882 autem
595 2844 650 2881 uon
670 2835 790 2902 possunt
808 2825 961 2896 occidere,
989 2827 1090 2884 timete
1107 2836 1203 2885 nutem

223 2930 285 2967 cum
305 2910 352 2987 qui
370 2920 466 2988 potest
484 2920 514 2967 et
532 2927 637 2989 corpus
655 2918 686 2967 ct
702 2908 822 2968 animam
841 2909 966 2987 perdere
984 2909 1202 2969 inGebeuuaur.

221 2995 260 3053 m
275 3012 345 3053 vcro
364 2995 387 3053 si
406 3014 462 3052 uon
481 2994 666 3059 commoritur
683 2994 799 3073 corpori
817 2997 923 3065 anima,
951 3014 1008 3053 non
1034 2994 1133 3073 utique
1160 2993 1204 3052 di-

222 3079 327 3138 viditur
344 3100 398 3139 uec
417 3079 492 3138 aliud
511 3078 617 3158 aliquid
635 3080 741 3158 petitum
759 3078 795 3138 de
813 3079 857 3137 bis
875 3098 949 3158 quae
966 3080 1203 3158 patitureorpus‚

222 3166 303 3224 verbi
326 3167 420 3241 gralia
446 3165 629 3223 influxionem
655 3165 701 3223 vel
728 3163 932 3235 defluxionem,
959 3164 1127 3223 tenuitatem
1154 3172 1205 3221 aut

223 3249 451 3319 crassitudinem,
472 3251 623 3307 sanitatem
640 3250 687 3307 vel
705 3248 913 3318 infirmitatem,
940 3245 1131 3306 abscisionem
1154 3255 1205 3305 aut

223 3333 466 3409 conjunctionem.
514 3331 574 3391 Sed
593 3342 623 3391 et
640 3332 669 3389 in
691 3333 754 3409 ipsa
770 3333 913 3391 hominum
931 3333 1136 3410 procreatione
1158 3332 1204 3389 ui·

223 3416 261 3474 hil
290 3417 440 3474 committit
465 3418 558 3474 anima
584 3414 740 3475 secuudum
767 3415 979 3487 defluxionem,
1007 3415 1061 3477 sed
1077 3417 1105 3474 iu
1126 3416 1203 3474 omui

224 3498 335 3577 quidem
355 3511 431 3558 motu
451 3511 507 3558 stet
524 3499 660 3559 videlieet
677 3501 834 3560 substantia
860 3500 1057 3571 immutabilis,
1086 3498 1202 3559 diverso

223 3596 317 3643 autem
344 3596 421 3645 motu
448 3583 485 3643 ad
511 3585 588 3645 aliud
615 3596 645 3643 et
671 3585 749 3645 aliud
771 3604 875 3665 corpus
892 3586 995 3645 incitat
1010 3586 1081 3665 pati.
1127 3583 1205 3643 Fluit

262 3856 286 3915 1)
303 3856 393 3903 matun.
411 3858 453 3916 uo,
472 3859 511 3902 as.
