2634 4400
575 308 645 375 ssbll

506 404 719 415 mun—.-

122 518 159 579 cii
178 517 251 578 iusta
270 537 287 589 a
305 519 464 597 semetipsis
483 518 627 577 sententia
645 515 838 592 condemnati,
858 530 952 579 morte
974 522 1103 583 miserri-

120 625 166 664 ma
183 624 237 682 per
254 602 377 663 inediam
396 602 573 685 deperirent.

163 688 219 751 28.
266 690 371 755 Verum
391 688 427 747 ad
444 690 620 769 propositum
638 702 826 750 revertamur.
870 692 961 765 Quae,
981 692 1095 751 malum!

121 777 196 835 ratio
216 785 277 845 est,
297 768 362 833 imo¹
374 794 446 855 quae
465 777 588 834 amentia
607 776 766 835 mortalium
785 775 915 855 possidet
931 788 1054 851 mentes,
1075 790 1105 839 ut

121 860 263 921 homiaem
283 880 366 939 quem
384 861 509 941 impium,
530 862 695 934 scelestum,
716 863 878 941 profanum,
907 860 1004 922 lovem
1023 862 1101 937 dico,

121 948 273 1017 incestum,
293 943 484 1029 parricidam,
514 944 673 1005 adulterum
701 967 757 1006 non
784 947 875 1007 solum
902 948 996 1013 soluat
1022 939 1101 1021 esse,

121 1030 174 1090 sed
192 1041 222 1089 et
239 1030 353 1108 publice
372 1032 400 1089 iu
420 1032 539 1089 theatris
558 1042 686 1103 cantant,
707 1032 781 1110 bunc
800 1044 837 1102 ut,
849 1032 932 1091 deum
951 1034 1047 1091 colant
1074 1046 1104 1093 et

121 1114 261 1175 adorent?
279 1113 338 1174 Aut
356 1117 380 1175 si
398 1135 450 1194 pro
469 1116 512 1174 his
531 1119 621 1194 gestis
641 1116 710 1177 deus
730 1138 794 1178 esse
812 1110 927 1189 meruit,
948 1138 1021 1197 ergo
1039 1121 1103 1180 etsi

121 1220 192 1280 quos
219 1200 336 1260 audiunt
362 1200 534 1273 homicidas,
573 1201 734 1275 adulteros,
765 1196 945 1281 parricidas,
974 1205 1103 1266 incestos

122 1286 300 1345 etiamnunc
319 1285 425 1345 debent
443 1297 473 1345 ut
492 1284 562 1361 deos
582 1286 717 1347 adorare.
748 1287 807 1347 Sed
827 1289 903 1367 quod
923 1291 952 1347 iu
970 1289 1034 1347 aliis
1053 1309 1103 1348 ex-

121 1382 282 1444 secrantur,
303 1370 379 1431 sclre
398 1372 512 1429 omuino
531 1385 587 1429 nou
606 1392 720 1451 possum
740 1392 792 1432 cur
809 1375 837 1431 iu
852 1373 900 1431 illo
915 1385 1100 1433 tenerentur.

120 1454 158 1513 lit
176 1454 277 1514 Petrus
296 1455 460 1535 respoudit:
483 1457 619 1530 Quoniam
639 1468 668 1515 te
688 1460 801 1516 nescire
820 1456 904 1529 dicis,
925 1457 1005 1517 disce
1023 1478 1040 1515 a
1058 1479 1102 1518 me

122 1560 174 1601 eur
191 1542 220 1599 iu
239 1542 287 1600 illo
306 1543 472 1600 facinorosa
490 1553 572 1619 gesta
589 1554 780 1616 venerentur3
808 1545 900 1621 primo
919 1541 1043 1620 quidem,
1072 1556 1104 1602 ut

122 1646 184 1685 cum
206 1628 262 1705 ipsi
280 1628 381 1687 similia
400 1629 524 1705 egerint,
545 1638 684 1708 acceptos
702 1646 733 1687 se
752 1630 780 1686 ei
797 1630 908 1690 iuturus
927 1628 1030 1699 sciant,
1058 1639 1104 1687 ut-

120 1722 188 1791 pote
209 1731 290 1789 quem
309 1707 454 1773 imitantur
472 1715 501 1771 in
519 1714 655 1790 flagitiis3
686 1713 831 1786 secundo,
853 1712 928 1793 quod
946 1712 1019 1772 haee
1037 1714 1103 1773 lite·

121 1798 162 1857 ris
181 1797 253 1871 scite
271 1796 422 1858 recondita
446 1809 475 1857 et
501 1799 630 1857 uersibus
650 1799 800 1879 eleganter
814 1801 921 1877 inserta
931 1807 1046 1858 'veteres
1055 1820 1103 1859 re-

121 1882 274 1962 liquerunt.
299 1883 337 1943 Et
354 1903 429 1943 nunc
447 1884 565 1962 puerilis
585 1882 755 1945 eruditionis
774 1883 904 1955 obtentu,
925 1904 1102 1945 cumeorum

122 1968 223 2027 notitia
240 1962 349 2029 teneris
369 1980 398 2027 et
425 1970 598 2048 simplicibus
625 1968 790 2031 adhaeserit
816 1970 973 2041 mentibus,
1003 1972 1103 2031 revelli

123 2068 160 2112 ex
179 2055 221 2111 eis
239 2065 323 2135 atque
342 2054 428 2115 abiici
448 2053 603 2115 difficulter
621 2067 729 2135 potest.
823 2084 828 2093 ’

113 2146 115 2153 “
164 2137 220 2218 29.
268 2139 347 2200 llaec
368 2160 430 2199 cum
449 2140 569 2201 dixisset
587 2140 700 2213 Petrus,
719 2140 825 2200 Niceta
843 2140 1008 2220 respondit:
1036 2140 1104 2202 Nou

122 2237 203 2305 putes
223 2225 336 2284 dominc
355 2228 393 2282 mi
411 2226 509 2297 Petre,
530 2246 587 2284 non
606 2226 715 2284 habere
735 2225 862 2284 eruditos
886 2245 1013 2305 quosque
1032 2247 1104 2304 geu-

121 2312 210 2370 tilium
220 2308 479 2368 verisimilitudines
498 2308 642 2388 quasdam,
664 2310 763 2389 quibos
782 2308 931 2369 adstruant
947 2310 1104 2390 haecquao

123 2394 274 2474 culpabilia
293 2393 424 2460 videntur
443 2405 472 2453 et
490 2395 641 2474 probrosa,
664 2413 736 2473 quae
764 2393 876 2474 quidem
904 2414 960 2475 ego
989 2417 1046 2455 non
1074 2409 1104 2456 ut

123 2480 294 2540 confirmans
313 2497 429 2538 errores
449 2499 547 2538 eorum
566 2478 644 2553 dico,
667 2480 753 2553 (absit
772 2481 846 2540 enim
865 2501 882 2540 a
908 2500 970 2553 me,
990 2493 1021 2539 ut
1048 2481 1102 2540 hoc

121 2567 167 2626 vel
186 2563 221 2622 ad
241 2566 447 2642 cogitationem
465 2585 556 2644 meam
574 2567 682 2638 veniat)
707 2565 760 2624 sed
779 2575 873 2625 tamen
883 2567 945 2623 scio
956 2586 1020 2626 esse
1029 2566 1105 2647 apud

121 2647 323 2730 prudentiores
342 2651 466 2730 ipsorum
478 2648 662 2710 defensiones
678 2650 822 2730 quasdam,
843 2651 943 2730 quibus
952 2649 1102 2714 adstruere

123 2746 153 2794 et
171 2735 303 2794 colorare
323 2736 417 2814 solent
435 2736 506 2796 haee
526 2755 597 2816 quae
615 2736 751 2796 videntur
767 2734 902 2795 absurda.
948 2735 1032 2818 Etsi
1049 2739 1102 2797 tibi

67 2846 74 2856 „
123 2821 230 2900 placet,
251 2831 282 2878 ut
299 2821 393 2899 aliqua
411 2840 449 2880 ex
475 2822 518 2880 his
544 2822 706 2902 proferam,
736 2841 808 2901 quae
836 2841 873 2882 ex
898 2833 981 2901 parte
1008 2822 1102 2900 aliqua

122 2906 247 2975 retineo,
268 2917 299 2964 ut
316 2906 397 2964 iubes
416 2907 529 2966 faciam.
577 2907 702 2987 Cumque
721 2907 822 2968 Petrus
840 2908 1029 2986 permisisset,
1049 2907 1103 2968 Ni·-

20 3047 26 3052 .
123 3002 189 3052 ceta
207 2990 262 3049 hoc
281 2990 365 3050 modo
386 2993 502 3072 coepit:
536 3053 538 3060 ,

164 3074 220 3134 50.
269 3075 365 3134 Omnis
384 3095 477 3154 sermo
497 3075 571 3156 apud
590 3075 730 3148 Graecos,
751 3079 797 3156 qui
813 3075 848 3136 de
859 3077 1034 3156 antiquitatis
1044 3079 1103 3136 ori-

122 3163 190 3242 gine
210 3161 412 3232 conscribitur,
434 3181 496 3221 cum
515 3161 587 3221 alios
605 3163 720 3232 multos,
748 3173 806 3222 tum
833 3161 904 3221 duos
930 3163 1103 3240 praecipuos

122 3258 257 3323 auctores
275 3247 372 3317 habet,
394 3246 535 3326 Orpheum
555 3259 584 3311 et
602 3246 769 3307 Hesiodum.
798 3247 905 3306 Horum
915 3266 987 3325 ergo
997 3248 1104 3327 scripta

123 3335 152 3391 in
171 3331 239 3392 duas
256 3343 353 3413 partes
372 3333 580 3411 intelligentiae
600 3331 772 3405 dividuntur,
793 3329 889 3416 idest,
904 3331 1104 3408 secundumh-

124 3428 213 3487 teram
233 3428 262 3477 et
285 3417 438 3477 secundom
458 3419 640 3496 allegoriam
667 3417 750 3478 etad
769 3437 806 3481 ea
823 3417 936 3497 quidem
965 3438 1038 3498 quae
1056 3438 1103 3478 se-

124 3498 243 3562 eundum
262 3504 373 3564 literam
391 3514 465 3574 suut,
486 3503 621 3584 ignobilis
635 3503 964 3580 vulgitnrbaconllunit,
985 3525 1020 3564 ea
1033 3525 1102 3564 vero

124 3607 196 3668 guae
214 3588 372 3668 secuudum
386 3585 554 3668 allegoriam
582 3599 726 3660 coustant,
755 3591 846 3665 omnis
871 3591 1103 3668 philosophorum
1139 3591 1143 3598 ’

124 3684 154 3735 et
172 3673 346 3736 eruditorum
364 3671 523 3755 loquacitas
541 3673 680 3733 admirata
698 3686 753 3734 est.
802 3674 931 3754 Orpbeus
947 3676 1102 3752 igiturest,

124 3759 171 3838 qui
190 3757 368 3842 dicit'primo
387 3761 475 3818 fuisse
496 3759 590 3818 Chaos
612 3762 825 3841 sempiternum,
855 3761 1031 3835 immensum,
1060 3762 1104 3818 in·
1175 3787 1181 3804 r

124 3845 265 3922 genitum,
296 3863 405 3923 exque
425 3845 519 3904 omnia
536 3845 613 3905 lacta
630 3856 711 3919 sunt3
738 3846 795 3913 hoc
814 3865 882 3904 sane
900 3846 990 3924 ipsura
1010 3845 1103 3907 Chaos

123 3949 180 3990 uon
199 3929 334 4008 tenebras
353 3929 425 3990 dixit
442 3949 518 4002 esse,
538 3949 595 4000 nou
612 3931 716 4002 lucem,
738 3951 794 4007 uon
807 3929 959 4003 humidum,
980 3951 1037 3992 nan
1046 3933 1104 3991 ari-
