2634 4400
600 269 665 330 toa

526 363 740 376 Μ

138 493 289 556 possumus
307 482 400 533 autem
421 482 450 532 ct
468 492 532 544 uos,
552 472 604 531 sed
620 475 745 555 circuitu
763 474 841 532 muiti
864 478 1012 554 temporis.
1059 477 1121 536 Ne·

139 579 225 618 cesse
244 569 289 617 est
307 559 382 616 enim
400 567 431 615 ut
449 577 542 616 sermo
566 556 716 616 doctrinae
743 559 779 616 ab
806 560 888 618 initio
915 580 970 639 per
991 560 1120 621 ordinem

140 652 272 713 currens,
294 654 324 701 et
341 643 459 720 singuiis
478 641 634 720 quibusque
654 643 867 720 quaestiouibus
886 644 1126 712 obviansouucta

139 729 263 807 aperiat,
284 738 315 786 et
332 738 434 786 cuncta
453 725 588 786 dissolvat
606 739 636 785 et
652 729 801 805 perveniat
819 730 904 787 etiam
926 728 963 788 ad
980 731 1123 810 booquod

139 815 332 890 unusquisque
357 813 384 870 in
411 813 506 869 auimo
529 831 581 869 suo
600 814 736 890 requirit,
757 811 809 871 sed
828 814 900 886 hoc,
920 825 951 874 ut
969 814 1040 886 dixi,
1068 835 1122 894 per

140 899 257 956 muitum
284 907 394 976 tempus
422 896 483 956 beri
510 907 617 975 potest.
663 896 748 956 Nune
766 909 860 958 autem
879 898 955 982 quod
973 898 1122 960 desideras

141 1004 227 1060 roga.
878 1034 881 1040 .

184 1066 241 1126 52.
288 1066 324 1124 iit
342 1065 447 1124 Niceta
465 1069 520 1128 ait:
551 1065 660 1125 Uberes
689 1067 739 1124 tibi
758 1070 866 1145 gratias
884 1089 940 1147 ago
959 1091 977 1128 o
995 1071 1122 1130 clemen-

141 1155 251 1211 tissime
270 1151 368 1221 Petro,
387 1171 485 1209 verum
504 1151 559 1209 boc
578 1151 716 1229 estquod
735 1151 850 1212 discere
868 1156 968 1233 cupio:
998 1155 1057 1214 Cur
1074 1155 1122 1214 Si-

142 1258 209 1296 mon
228 1238 274 1314 qui
293 1235 546 1307 adversaturum,
567 1236 764 1296 iaceretauta
781 1238 853 1296 baec
873 1249 903 1297 et
925 1240 994 1298 taiia
1011 1242 1122 1318 potuit?

142 1323 210 1382 Non
230 1323 304 1380 euim
323 1321 456 1384 mentitus
475 1331 519 1380 est
536 1319 641 1398 aiiquid
662 1341 699 1380 cx
716 1322 770 1391 bis,
791 1342 865 1400 quac
882 1343 915 1382 se
933 1325 1039 1384 iecisse
1053 1345 1123 1403 pro·

142 1409 237 1466 fessus
254 1415 309 1464 est.
357 1403 402 1464 Aa
421 1406 492 1464 bace
511 1404 611 1464 beatus
630 1403 732 1464 Petrus
749 1408 791 1465 ita
808 1406 973 1485 respondit:
994 1408 1065 1467 deus
1073 1411 1123 1487 qui

142 1512 215 1551 unus
235 1501 265 1549 et
281 1509 366 1553 verus
384 1501 440 1560 est,
461 1491 654 1568 primogenito
674 1511 726 1548 suo
745 1492 854 1550 amicos
871 1490 964 1550 bonos
982 1492 1124 1552 etiideies

142 1577 266 1635 instituit
282 1594 471 1652 praeparem
492 1576 587 1634 sciens
605 1585 700 1634 autem
718 1577 785 1655 quia
802 1575 870 1638 boui
896 1595 962 1635 esse
980 1598 1036 1636 nou
1055 1598 1124 1656 pos·

141 1672 219 1731 suunt,
240 1662 294 1718 nisi
312 1660 436 1718 babeant
453 1661 481 1717 in
500 1670 644 1737 potestate
671 1679 785 1720 sensnm
811 1680 867 1738 quo
895 1662 963 1720 bant
989 1661 1069 1734 boui,
1092 1674 1125 1721 ut

142 1767 181 1806 ex
199 1765 251 1804 suo
270 1745 417 1822 proposito
437 1744 491 1802 boc
510 1745 567 1802 siut
592 1743 670 1822 quod
686 1746 803 1816 volunt,
831 1746 939 1826 alioqui
971 1767 1028 1810 uon
1055 1767 1124 1826 pos-
1215 1791 1221 1800 Ι

140 1841 209 1890 sunt
227 1849 292 1888 esse
309 1849 379 1888 vero
397 1829 477 1898 boni,
498 1830 521 1887 si
539 1849 596 1887 non
615 1831 764 1908 proposito
783 1828 835 1888 sed
853 1833 1027 1891 necessitate
1040 1842 1123 1891 tene·

141 1926 245 1974 rentur
262 1916 290 1972 iu
309 1913 402 1983 bono,
422 1924 593 1992 potestatem
613 1913 694 1972 dedit
710 1915 863 1993 unicuique
880 1915 992 1974 arbitrii
1009 1918 1065 1988 sui,
1092 1928 1125 1976 ut

143 2003 199 2060 boc
220 2018 283 2057 esse
301 2000 392 2078 possit
410 1997 485 2076 quod
503 2000 572 2058 vuit.
620 1999 657 2056 itu
674 2019 784 2058 rursum
804 2000 974 2078 praevidens
993 2003 1124 2080 quiaista

142 2095 274 2165 potestas
292 2083 403 2141 arbitrii
413 2085 485 2142 aiios
496 2083 607 2161 quidem
619 2085 732 2143 iaceret
742 2085 854 2162 eiigore
863 2084 950 2156 bona,
970 2085 1042 2143 aiios
1051 2105 1123 2144 vero

142 2171 228 2241 ninia,
249 2179 279 2227 et
297 2187 350 2248 per
368 2168 423 2229 boc
442 2170 470 2227 iu
490 2168 560 2227 duos
580 2167 698 2228 ordines
724 2170 890 2241 necessario
909 2169 1124 2248 propagandum

143 2266 223 2315 esset
241 2255 383 2327 hominum
402 2274 504 2331 genus,
525 2255 679 2331 unicuique
697 2254 791 2311 ordini
810 2256 956 2311 concessit
982 2266 1012 2311 et
1031 2256 1123 2313 iocum

142 2352 175 2400 et
193 2359 303 2417 regem,
325 2358 408 2417 quem
426 2339 514 2397 veiiet
532 2339 659 2411 eligere3
680 2338 772 2395 bouus
789 2339 864 2395 enim
883 2356 936 2395 rea
952 2338 1036 2396 bonis
1054 2359 1124 2416 gau·

142 2426 206 2495 det,
226 2435 256 2483 et
273 2425 412 2500 malignus
430 2423 522 2481 maiis.
569 2423 606 2480 Et
624 2423 749 2501 quamvis
767 2423 840 2481 baec
866 2422 918 2480 tibi
941 2443 958 2480 o
978 2422 1122 2496 Clemens,

142 2513 172 2568 iu
193 2530 229 2568 eo
247 2519 382 2580 tractatu,
403 2527 485 2587 quem
504 2507 540 2566 de
559 2508 760 2586 praefinitione
788 2519 818 2565 et
844 2507 901 2565 iius
913 2506 1123 2580 disserueram,

142 2595 256 2675 pienius
275 2595 472 2671 exposuerim,
494 2604 587 2651 minen
607 2604 637 2651 et
655 2612 729 2650 nune
747 2593 906 2671 requirenti
924 2592 1047 2655 Nicone
1065 2613 1125 2651 ma-

83 2680 88 2687 '
143 2681 282 2739 adestare
301 2696 347 2737 me
365 2680 510 2748 convenit,
532 2698 604 2757 quao
622 2679 660 2737 sit
678 2679 764 2746 ratio,
785 2676 862 2756 quod
879 2676 979 2740 Simon
997 2678 1125 2756 quieou·

142 2776 190 2823 tra
209 2762 291 2821 deum
311 2764 408 2834 sentit,
429 2775 507 2821 tauta
526 2765 624 2822 iacere
643 2762 783 2821 mirabilia
801 2764 906 2840 potuit.

144 2882 150 2889 -
186 2846 242 2906 55.
290 2847 381 2924 igitur
399 2850 490 2925 primo
510 2850 762 2918 omnium,.maius
791 2866 855 2909 esse
882 2847 1025 2907 iudicatur
1050 2847 1126 2927 apud

142 2933 227 2993 deum
247 2935 282 3002 is,
304 2935 350 3009 qui
369 2935 518 3009 requirere
538 2953 593 2991 non
608 2936 678 3003 vuit,
698 2931 772 3013 qnod
781 2933 835 2995 sibi
846 2932 975 3010 expedit.
1001 2934 1126 3005 Quomo-

143 3018 181 3077 do
193 3020 268 3076 enini
283 3018 347 3073 taiis
366 3018 420 3073 iste
439 3018 522 3073 niium
543 3016 654 3092 diliget,
675 3019 723 3094 qui
741 3019 924 3093 semetipsum
942 3038 1000 3075 non
1014 3016 1126 3095 diligiti

142 3104 203 3163 Aut
222 3102 268 3158 eui
288 3120 343 3157 uou
362 3101 416 3157 iste
435 3101 565 3157 inimicus
592 3103 660 3169 erit,
689 3102 737 3177 qui
764 3100 817 3158 sibi
844 3102 898 3177 ipsi
926 3102 1034 3158 amieos
1060 3120 1126 3160 osse

144 3209 201 3246 uon
221 3186 331 3264 potuit?
351 3184 387 3241 Ut
406 3203 477 3261 ergo
497 3183 742 3261 distinguerentur
760 3186 807 3261 qui
827 3184 901 3241 boua
920 3186 1006 3262 etqui
1017 3185 1128 3262 eligunt
1190 3192 1193 3198 '

144 3273 228 3340 mnia,
250 3270 320 3327 deus
339 3268 415 3347 quod
433 3269 502 3327 utiie
520 3280 565 3327 est
583 3269 738 3327 acquitavit
754 3268 924 3338 bominibus
944 3267 1040 3341 idest,
1059 3290 1127 3347 pos·

144 3358 305 3415 sessionem
323 3356 407 3431 regni
426 3354 584 3423 coeiorum,
605 3374 725 3432 eamque
743 3355 824 3412 scint
837 3354 1000 3412 thesaurum
1024 3373 1126 3415 secro-

147 3453 203 3499 tum
224 3442 351 3517 reposuit
370 3450 400 3497 et
417 3438 579 3509 abscondit,
600 3451 631 3497 ut
648 3438 684 3497 ad
703 3458 765 3498 eam
784 3460 841 3497 non
859 3440 945 3497 iaeiie
964 3441 1127 3518 quispossit

146 3528 251 3583 virtute
270 3536 300 3583 et
317 3525 439 3595 scientia
458 3526 610 3601 pervenire
633 3526 771 3602 propria,
801 3526 901 3584 ioniam
928 3535 1023 3582 tamen
1050 3526 1123 3594 eius,

145 3610 268 3667 diuersis
287 3609 446 3667 nominibus
464 3620 494 3667 et
513 3610 693 3686 opinionibus
728 3629 782 3686 por
804 3611 1009 3685 generationes
1028 3610 1126 3683 singu·

146 3696 188 3751 ias
206 3693 242 3750 ad
253 3696 374 3751 omnium
384 3693 519 3770 perduxit
536 3694 673 3763 auditum,
693 3705 724 3753 ut
740 3696 765 3752 si
784 3715 829 3771 qut
849 3696 925 3751 forte
942 3702 1127 3753 esseutama·

146 3790 227 3837 toros
247 3778 327 3849 boui,·
345 3778 494 3837 audientes
513 3778 588 3856 quod
606 3778 660 3836 sibi
680 3789 759 3859 esset
776 3778 845 3836 utiie
873 3788 903 3836 ct
928 3777 1052 3834 saiutarc
1078 3794 1127 3834 re·

146 3865 296 3941 quirereut
314 3873 345 3921 et
362 3865 533 3934 invenirent,
554 3865 736 3942 requirerent
762 3874 855 3921 autem
882 3881 940 3921 nou
957 3880 976 3919 a
992 3859 1126 3940 semetip-
