2634 4400
619 212 677 322 ot

535 355 747 370 Μ

147 477 270 544 aterque
290 476 415 532 nostrum
434 466 512 544 prius
531 465 607 546 quod
624 467 679 527 sibi
697 465 821 540 videtur,
841 469 1132 546 oapoaatetitaeer·

147 563 244 616 tumen
262 550 415 616 habeatur.
460 549 564 630 Neque
575 552 852 611 enimvernmostut
868 555 1034 632 intorroges
1052 555 1133 633 quasi
1168 557 1171 561 ’

147 635 264 696 discere
291 635 403 706 volens,
433 646 462 694 et
490 634 674 698 contradicas
692 648 724 694 ut
741 635 861 711 doeens,
882 648 912 696 ut
929 649 995 717 post
1011 658 1133 716 rospon-

148 721 260 786 sioneur
278 739 369 780 meam
387 721 416 784 in
434 729 483 786 tuo
502 719 609 788 iudicio
627 722 666 780 sit
683 719 795 794 «linere,
815 722 840 783 si
858 721 933 784 bono
951 743 987 781 aa
1005 721 1133 782 molodi-

146 805 252 870 uorinr,
299 803 421 884 Propter
436 803 514 884 quod
532 816 691 884 nonpotes
701 808 729 867 in
739 806 805 872 loeo
815 805 1041 883 contradicentis
1054 818 1133 866 stans

146 887 236 950 index
254 907 319 956 esse
338 907 528 970 eorumquae
547 885 682 963 dirimus3
703 901 733 956 et
749 888 829 962 ideo,
850 902 881 950 at
898 890 974 964 dixi,
994 892 1021 952 si
1037 902 1133 952 oerta·

146 993 213 1042 men
232 973 389 1032 habendum
409 985 464 1044 est,
484 985 604 1052 uterque
623 986 750 1042 nostrum
777 974 854 1056 qnod
879 978 968 1035 sentit
993 987 1130 1055 exponat,

146 1070 178 1118 et
195 1058 278 1124 nohis
296 1059 325 1122 iu
344 1060 479 1124 ooniliotu
497 1061 599 1138 positis
616 1060 747 1140 religiosi
764 1059 910 1128 auditores
928 1061 957 1122 hi
974 1061 1041 1120 iusti
1059 1059 1132 1121 iudi-

145 1163 200 1204 oes
219 1154 314 1210 erunt,
873 1209 877 1214 ,

191 1227 247 1290 19.
293 1228 331 1286 Et
349 1227 465 1288 Simon:
494 1226 561 1288 Non
580 1230 631 1294 tibi
650 1228 763 1298 videtur
780 1228 943 1302 absurdum,
963 1242 995 1291 ut
1017 1231 1133 1308 imperi·

145 1325 193 1380 tus
211 1313 332 1398 populus
350 1310 387 1378 de
406 1315 512 1372 uostris
532 1313 616 1374 dietis
635 1313 741 1376 babeat
766 1314 920 1380 iudicium?
946 1315 985 1374 Et
1011 1315 1129 1383 Petrus:

146 1399 214 1466 Non
233 1399 273 1456 ita
291 1407 347 1470 ost,
368 1397 444 1478 quod
463 1399 538 1458 euim
557 1400 605 1460 uni
622 1399 747 1460 forme
766 1400 857 1458 minus
884 1400 985 1478 iiquet,
1013 1401 1132 1460 investi·
1159 1457 1165 1465 ,

147 1485 211 1562 gari
229 1504 247 1542 a
264 1483 391 1562 piurimis
417 1483 537 1562 poterit,
567 1502 631 1543 uara
657 1502 745 1562 saepe
772 1483 859 1543 etiam
876 1482 1132 1563 [QVQQ
1202 1552 1206 1562 ,

146 1569 267 1647 photiae
282 1569 520 1650 ⁸2⁰⁰R¹¹iiffi¹¹fiss
554 1567 649 1646 Super
665 1567 739 1627 haee
757 1578 851 1628 autem
870 1570 983 1639 omnia,
993 1588 1132 1648 praeseus
1190 1559 1213 1644 ,⁸

145 1655 193 1720 hio
213 1653 303 1722 narnis
329 1653 450 1739 populus
477 1673 576 1718 amoro
603 1651 651 1714 dei
669 1653 842 1717 oonstriotns
860 1652 907 1712 irio
924 1651 1035 1726 adstat,
1054 1654 1132 1715 veri·
1220 1724 1223 1728 Α

146 1758 202 1823 quo
221 1737 420 1818 oognosoeudi
438 1738 542 1816 gratia,
563 1748 594 1797 et
611 1735 679 1796 ideo
698 1757 797 1796 ornnes
815 1737 863 1797 isti
881 1738 961 1818 quasi
983 1758 1055 1802 unus
1081 1735 1132 1796 ira-

144 1821 259 1883 }tendus
278 1833 334 1894 est,
363 1842 415 1901 pro
443 1843 500 1882 uuo
524 1815 684 1901 eodemque
703 1841 775 1900 erga
793 1841 919 1890 aaronem
937 1822 1069 1889 veritatis
1086 1822 1132 1881 ai·

145 1910 242 1978 iectu,
263 1909 338 1970 aaut
355 1927 373 1970 o
391 1908 537 1972 contrado
556 1905 612 1973 duo
630 1909 708 1974 iuter
733 1926 765 1974 se
792 1908 817 1969 si
843 1906 1025 1980 dissentiant,
1051 1908 1132 1967 malti

67 2020 72 2026 ·
146 2003 213 2061 suut
230 2003 261 2052 et
279 1992 396 2054 diversi,
444 1991 475 2051 Si
494 2003 587 2053 antem
606 1993 649 2056 vis
675 1989 812 2052 indicium
839 2011 959 2072 sapere,
988 1989 1130 2073 quomodo

146 2079 239 2142 ononis
257 2077 440 2156 itiopopulus
460 2077 507 2162 qui
526 2076 620 2144 adstat
638 2078 718 2156 quasi
737 2096 807 2144 unus
824 2078 863 2136 sit
879 2078 976 2149 homo,
997 2078 1131 2142 exsiten·
1190 2064 1196 2075 ⁸

146 2164 188 2221 tio
216 2163 278 2223 eius
304 2162 365 2245 ipso
393 2172 424 2229 et
442 2163 538 2249 quiote
558 2160 722 2235 considera.
743 2162 885 2241 quomodo
904 2163 1063 2226 ratramni
1080 2181 1131 2241 pa·

145 2249 249 2307 tientia
265 2257 296 2307 ut
313 2247 405 2317 vides,
427 2248 512 2307 etiam
531 2259 682 2325 autequam
701 2247 825 2318 discant,
841 2248 955 2307 veritati
974 2246 1022 2306 dei
1040 2247 1131 2308 hono·

144 2324 207 2400 roni
226 2331 371 2411 deferunt.
418 2327 550 2393 Nondum
578 2332 652 2391 enirn
680 2332 816 2398 rneiorenr
843 2331 964 2402 nultum,
993 2350 1076 2410 quem
1102 2332 1132 2389 ei

146 2416 264 2477 deferre
283 2415 408 2481 debeant
427 2414 600 2483 didioerunt.
647 2415 773 2493 Propter
790 2412 867 2495 quod
893 2433 979 2493 spero
1007 2414 1043 2473 de
1070 2414 1130 2474 oio-

145 2502 253 2567 ntentia
271 2500 330 2574 dei,
360 2500 435 2579 qnod
453 2500 620 2577 religiosum
635 2500 815 2579 propositum
833 2500 936 2563 urentis
955 2518 1053 2564 eorum
1071 2519 1131 2562 uru-

146 2587 292 2666 pleototnr
309 2606 380 2663 erga
398 2604 443 2658 se,
463 2596 494 2644 et
510 2583 1130 2664 veritatempraedicantiviotoriaopalnaara

146 2670 238 2741 dabit,
258 2682 288 2731 ut
306 2672 485 2731 manifestum
503 2670 546 2729 eis
564 2670 653 2731 iaciat
670 2670 799 2735 veritatis
817 2688 1004 2748 praeponere.
1060 2710 1064 2715 -

181 2754 247 2815 20.
293 2755 362 2815 Tum
382 2753 562 2825 Simonidis
581 2774 649 2835 quo,
670 2754 773 2833 inquit,
792 2755 835 2813 ris
852 2754 1130 2821 haberieertaureni

147 2840 210 2911 die,
231 2850 262 2899 ut
279 2851 309 2905 ot
336 2860 392 2918 ego
420 2838 552 2906 definiam
571 2836 646 2920 qnod
664 2840 731 2906 ruini
749 2837 873 2911 videtur,
894 2840 983 2901 etita
1000 2839 1131 2917 quaestio

146 2926 276 3003 incipiat.
323 2924 361 2987 Et
387 2924 490 2985 Petrus
517 2922 681 3004 respondite
702 2922 735 2983 si
754 2922 866 3001 quidem
884 2922 916 2982 ui
932 2923 1000 2984 nihi
1017 2922 1132 2987 videtin·

145 3011 249 3073 tacere.
273 3010 327 3079 nis,
357 3028 414 3085 ego
440 3008 596 3073 sonandum
623 3009 752 3087 magistri
780 3009 836 3073 nei
862 3018 1048 3087 praeseptum
1066 3008 1131 3073 fieri

145 3095 229 3163 volo,
251 3093 297 3169 qui
316 3091 406 3169 primo
426 3094 547 3153 omniurn
566 3092 719 3152 Hebraeae
736 3093 829 3170 genti,
850 3111 932 3174 quara
950 3091 1063 3155 sciebat
1079 3090 1132 3149 ius·
1180 3109 1183 3112 ·

145 3180 220 3239 bero
238 3170 433 3253 cognitionem
451 3176 498 3236 dei
518 3188 548 3240 ot
566 3175 641 3255 quod
658 3178 721 3255 ipse
739 3187 819 3235 esset
844 3177 892 3255 qai
918 3176 1025 3234 iecerit
1050 3194 1131 3237 nuo·

127 3262 224 3334 dura,
246 3262 407 3341 praecepit,¹
428 3282 484 3327 nun
503 3272 534 3334 ut
551 3280 615 3323 euru
634 3271 790 3347 quaereret
815 3280 899 3340 quera
925 3260 1050 3331 sciebat,
1077 3258 1132 3319 sed

147 3348 321 3409 voluntatens
341 3346 403 3407 eius
422 3347 613 3425 iustitiamque
632 3347 857 3425 perquirerem)
885 3346 999 3417 sciens,
1018 3345 1082 3423 quia
1101 3346 1130 3405 in

147 3432 289 3491 homiuum
307 3431 427 3491 arbitrio
446 3432 566 3510 positum
586 3433 642 3503 est,
663 3441 695 3489 ut
711 3430 767 3490 hoe
786 3441 959 3508 quaerentes
981 3430 1129 3490 inveniant

148 3527 179 3576 et
195 3517 304 3577 iaoiart
319 3526 407 3595 atque
425 3516 582 3580 observent
597 3536 635 3577 ea
652 3514 689 3576 de
707 3512 808 3597 quibus
826 3514 972 3579 iudicandi
989 3525 1066 3578 suot·
1093 3512 1132 3575 Et

186 3720 362 3795 ¹)'Voesbula
379 3737 485 3783 scieas
503 3760 537 3771 -
555 3736 722 3784 itrdieendi
744 3737 817 3782 sunt
839 3738 866 3781 et
883 3745 949 3793 quae
968 3733 1055 3792 pantio
1069 3733 1154 3797 poet·
1311 3777 1312 3784 ,

149 3806 292 3861 sequnntur
309 3807 339 3883 et
356 3804 614 3864 opinantibus‘-
631 3804 821 3852 iudicandus
839 3806 889 3849 est
907 3802 1000 3849 desunt
1017 3801 1044 3849 iu
1058 3803 1131 3849 utro·
1309 3791 1313 3896 q

149 3886 197 3929 que
216 3870 270 3919 eod.
287 3872 356 3931 Lupe.
