2634 4400
592 228 788 336 ree⁴¹

131 490 164 538 nt
180 477 292 538 indices
309 477 377 538 milri
396 495 469 560 quse
487 479 543 537 ista
560 478 608 550 sit,
628 488 660 537 nt
677 480 778 550 sciam,
796 480 821 539 si
840 481 959 539 estella
969 482 1046 540 inter
1053 501 1114 540 mn·

131 565 222 624 lieres
240 581 284 623 me
302 563 459 623 infelicior.

174 647 232 708 20.
278 647 348 708 Tum
367 647 468 708 Petrus
482 648 588 708 'fallere
607 649 741 708 nesciens
767 659 799 708 et
822 650 1008 709 miseratione
1035 669 1114 710 com·
1174 711 1186 732 .

129 744 224 794 motus
243 735 341 812 coepit
359 732 475 794 dicere:
496 732 548 792 Est
566 732 678 812 qnidam
695 732 867 794 adolescens
886 735 962 794 inter
979 754 1045 807 eos,
1056 737 1114 813 -qut

129 839 176 879 me
195 829 353 897 sequnntur
370 819 520 897 religionis
539 829 570 878 et
596 830 695 878 sectae
723 819 829 896 gratia,
859 818 1001 879 llonrnnns
1028 819 1111 892 civis,

130 906 177 984 qni
196 905 264 962 mihi
283 904 429 963 enarravit
447 901 522 982 quod
540 915 651 982 patrem
670 902 802 963 habuerit
828 916 858 964 et
885 903 956 964 dnos
983 906 1114 982 geminos

128 991 247 1061 fratres,
269 1009 306 1046 ex
324 987 424 1068 quilius
442 989 533 1048 nullus
552 991 580 1048 ei
598 1000 741 1068 superest.
786 988 890 1061 Mater,
920 989 1021 1068 inquit,
1050 1008 1114 1048 mea

129 1075 204 1133 sicut
222 1093 239 1132 a
257 1084 341 1152 patre
360 1071 448 1132 didici
467 1075 603 1133 somnium
621 1073 704 1144 vidit,
725 1084 756 1132 ut
773 1072 900 1133 Romana
913 1073 1113 1133 nrbeadtem·

129 1179 182 1238 pus
201 1156 360 1218 excederet
378 1177 440 1217 cnm
461 1157 570 1222 duobus
588 1160 711 1236 geminis
728 1160 819 1229 natis,
844 1179 881 1216 ne
899 1160 976 1219 forte
1003 1159 1113 1218 exitiali

128 1243 247 1302 interitu
258 1243 436 1322 deperirent,
458 1259 604 1321 quaecum
623 1241 805 1300 discessisset
822 1263 956 1321 nusquam
971 1239 1113 1303 terrarum

126 1329 202 1388 ultra
223 1328 392 1406 cmnparnit.
439 1326 527 1390 Pater
543 1345 613 1385 vero
633 1343 699 1385 suns
722 1327 877 1404 posthaec
896 1327 1113 1407 adinquisitio·

127 1431 193 1473 nem
212 1414 363 1472 uxorisne
383 1412 504 1471 liliorum
522 1412 673 1490 proiectus
691 1430 746 1469 nee
764 1411 826 1490 ipse
844 1413 998 1472 invenitur.
1018 1471 1022 1475 .

171 1498 225 1558 21.
271 1497 351 1556 Haec
370 1517 433 1556 enm
453 1494 573 1556 dixisset
591 1495 704 1568 Petrus,
725 1496 827 1554 mulier
845 1507 962 1574 stupore
975 1513 1112 1576 pereresn

128 1584 250 1642 corruit.
296 1582 365 1640 Tum
389 1581 491 1648 Petrus
511 1582 660 1641 continere
681 1599 743 1640 eam
770 1591 802 1640 et
827 1581 971 1640 consolari
999 1583 1109 1660 eoepit,

127 1689 163 1727 ae
181 1669 332 1746 requirere
351 1665 418 1747 qnid
437 1677 515 1726 esset
532 1685 652 1726 caussae
670 1677 721 1724 aet
737 1663 804 1744 qnid
822 1675 980 1745 pateretur.
1004 1665 1044 1725 At
1061 1667 1111 1725 illa

126 1755 175 1812 rix
193 1751 344 1832 aliqnando
364 1753 492 1831 spiritum
510 1771 664 1823 revocans,
684 1771 720 1809 ac
747 1753 929 1829 semetipsam
955 1749 992 1810 ad
1014 1749 1111 1829 gandii

127 1837 204 1924 qnod
228 1837 362 1918 sperabat
384 1835 606 1916 magnitudinem
633 1855 773 1914 reparans
799 1826 943 1914 simnlqne'
965 1836 1110 1896 adfricans

125 1925 245 1994 initum,
266 1923 323 1994 hic,
344 1922 446 2002 inquit,
468 1933 512 1982 est
530 1941 612 2001 quem
632 1921 704 1980 dicis
726 1919 916 1981 adolescens?
942 1924 983 1980 At
1009 1921 1110 1981 Petras

126 2008 175 2068 nbi
194 2027 254 2066 rem
274 2008 427 2078 intellexit,
449 2006 507 2081 dic,
528 2008 630 2087 inquit,
651 2007 719 2066 milri
740 2017 772 2065 tn
798 2007 890 2086 prior,
919 2027 982 2067 nam
1008 2003 1110 2065 videre

127 2113 192 2154 enm
210 2113 268 2152 non
287 2095 408 2172 poteris.
453 2093 522 2152 Tum
542 2094 606 2152 illas
635 2091 718 2171 Ego,
736 2093 839 2171 inquit,
860 2110 920 2152 snm
938 2089 1110 2151 adolescen·
1132 2114 1141 2134 ¹

126 2180 164 2239 tis
183 2189 285 2239 mater.
331 2177 369 2237 Et
386 2178 503 2239 Petraea
532 2176 615 2252 Quod
634 2175 667 2241 ei
681 2195 784 2237 nomen
803 2181 865 2238 est?
892 2173 1013 2247 Atilia,
1042 2176 1110 2236 Cle-

126 2284 218 2335 mens,
243 2266 294 2325 ait.
342 2264 459 2325 Petrus:
481 2264 545 2342 lpse
564 2273 620 2333 est,
641 2264 752 2339 etipse
771 2271 845 2331 erat,
866 2263 913 2339 qni
931 2262 1026 2338 paullo
1041 2272 1109 2321 ante

125 2368 237 2411 meeum
265 2348 435 2429 loquebatur
462 2359 491 2407 ct
518 2366 600 2426 quem
628 2347 697 2405 iussi
723 2344 761 2404 ad
787 2362 888 2404 navem
914 2344 1105 2423 praecedere.

125 2436 194 2495 Tum
213 2436 261 2495 illa
278 2432 433 2517 procidens
452 2431 488 2492 ad
506 2430 595 2511 pedes
614 2431 694 2491 Petri
711 2449 819 2509 rogare
837 2430 949 2509 coepit,
978 2439 1009 2490 ut
1027 2430 1109 2488 iesti-

124 2531 210 2580 naret
228 2519 265 2579 ad
283 2539 393 2581 navem.
439 2518 477 2577 Et
495 2518 612 2577 Petrnsx
633 2516 667 2576 Si
685 2516 763 2587 milri,
783 2516 886 2594 inquit,
905 2533 1004 2574 servas
1023 2513 1108 2574 fidem

125 2617 158 2665 nt
176 2607 265 2665 iacias
284 2603 447 2684 qnnddicc.
492 2602 616 2663 Atilia:
637 2602 744 2673 omnia,
763 2600 979 2686 inquit,·iacio;
999 2609 1108 2659 mntem

123 2692 193 2749 mihi
212 2690 333 2751 ostende
350 2692 463 2755 unicum
483 2708 574 2751 mcum
593 2698 701 2759 natum,
719 2697 789 2767 pnto
807 2686 882 2745 enim
901 2705 946 2744 me
956 2703 1009 2764 per
1017 2686 1108 2763 ipsum

124 2787 156 2835 et
174 2778 304 2854 geminos
322 2795 402 2835 meos
420 2774 532 2835 videre.
578 2772 616 2832 Et
633 2773 750 2833 Petras:
772 2770 842 2830 Cum
859 2769 982 2843 videris,
1003 2770 1105 2853 inquit,
1198 2776 1202 2783 '

125 2880 202 2933 eum,
222 2860 307 2919 modo
326 2862 441 2921 interim
459 2858 603 2919 dissimula
621 2859 779 2938 paululum,
798 2875 945 2937 usquequo
973 2854 1107 2933 egredia-

123 2966 187 3005 mur
204 2946 240 3003 ab
258 2947 360 3005 insula.
406 2946 460 3016 lta,
480 2945 582 3023 inquit,
602 2946 718 3002 inciam
1045 2951 1048 2956 '

169 3030 228 3088 22.
275 3028 313 3087 Et
330 3040 432 3090 tenens
451 3048 561 3087 manum
585 3030 646 3086 eins
666 3026 767 3085 Petrus
793 3024 956 3087 adducebat
981 3044 1044 3083 eam
1070 3022 1108 3083 ad

123 3132 238 3175 navem.
286 3114 374 3185 Quem
399 3133 455 3191 ego
483 3112 583 3171 videns
601 3131 711 3169 manem
731 3109 844 3168 dantem
872 3108 984 3167 mulieri
1009 3106 1107 3169 ridere

80 3266 82 3273 ,
125 3199 222 3277 coepi,
243 3192 387 3257 accedens
405 3208 498 3257 tamen
519 3196 637 3255 honoras
656 3197 718 3254 eins
737 3194 841 3273 gretia,
869 3212 922 3271 pro
940 3194 1003 3271 ipso
1022 3193 1108 3270 coepi

123 3285 199 3353 velle
218 3280 363 3342 subiicere
382 3302 493 3341 manum
511 3302 601 3341 meam
621 3291 651 3346 et
668 3290 830 3346 sustentare
841 3278 1006 3349 mulierem
1025 3277 1107 3338 simul

124 3381 218 3429 autern
237 3379 269 3428 nt
286 3386 396 3427 manum
417 3369 478 3431 eins
496 3368 619 3444 contigi,
639 3366 746 3431 ulalate
764 3364 875 3444 ingenti
884 3361 999 3427 reddito
1009 3363 1038 3420 in
1047 3380 1107 3421 am·

124 3456 225 3535 plexus
243 3472 323 3512 meos
342 3452 436 3524 irreit,
457 3463 487 3511 et
504 3452 640 3519 maternis
657 3470 704 3517 me
722 3449 885 3513 enumerari
896 3502 900 3509 ,
913 3448 1019 3510 osculis
1037 3465 1107 3508 eoe·

124 3541 177 3620 pia
222 3541 263 3597 At
289 3556 346 3617 ego
374 3538 512 3617 ignorans
538 3556 621 3595 omne
649 3537 796 3613 negotium
820 3534 900 3615 qnasi
918 3532 1106 3593 insanientem

125 3624 273 3683 mulierem
290 3623 480 3702 repellebam,
499 3622 581 3682 simul
601 3632 641 3692 et,
663 3640 725 3679 cum
753 3616 928 3682 verecundia
953 3616 1035 3686 licet,
1062 3616 1106 3674 in-

125 3708 266 3787 dignabar
283 3719 377 3773 tamen
396 3706 603 3787 quodammodo
622 3704 771 3769 adversum
791 3704 917 3767 Petrum.

168 3793 227 3852 25.
272 3794 314 3852 At
330 3794 396 3853 illc:
420 3792 540 3864 Desine,
561 3792 664 3871 inquit,
693 3788 760 3869 qnid
777 3790 841 3867 agis
859 3808 876 3845 o
896 3786 936 3845 lili
954 3784 1105 3857 Clemens?

125 3877 184 3939 noli
211 3878 357 3959 repellere
376 3889 452 3939 taam
469 3888 599 3953 marem.
646 3876 711 3955 Ego
729 3893 800 3936 vero
825 3871 972 3974 objices
999 3867 1102 3940 andivi,
