2634 4400
584 216 735 340 -Αιιι

573 371 787 388 W

189 489 218 545 in
237 485 342 544 iudicio
354 486 496 562 praviora
514 502 632 544 nurnero
654 483 803 561 supplicia.
851 481 946 560 Super
958 541 961 548 ,
974 482 1047 541 baec
1074 493 1170 544 autent

189 572 283 628 omnin
310 589 364 629 noc
388 569 560 648 permittitur
582 569 624 627 cis
643 570 737 639 exiro,
761 577 812 626 ιιι
836 568 937 628 tam
960 564 1111 646 quidquam
1134 568 1183 626 ab·

189 657 301 733 angelis
319 656 365 734 qui
384 656 427 713 eis
444 664 592 732 praesunt.
639 652 677 712 Et
695 672 751 729 ego
779 650 931 730 respondi:
960 652 993 710 Si
1018 672 1076 710 oon
1103 671 1170 730 per·

189 743 308 798 mittitur
327 741 369 797 eis
387 738 423 797 ab
442 738 552 815 angelis
572 737 627 796 buc
652 739 752 796 uenire
779 748 829 794 aut
845 738 946 795 lacere
964 735 1169 814 quot-votur,

190 822 425 904 quomodomngo
445 823 577 881 evocanti
596 821 797 899 obtemperant
814 824 944 880 noimael
962 821 1045 900 Ipsis,
1066 822 1170 900 inquit,

188 908 334 968 uninmbus
352 909 452 966 venire
470 907 630 964 veientibus
649 927 706 964 non
724 905 884 984 indulgeat,
905 926 968 965 oum
986 925 1057 965 vcro
1075 907 1104 964 bi
1123 910 1171 985 qui

188 1001 325 1074 praesunt
342 991 439 1068 augeli
458 991 580 1050 adiurati
599 992 707 1058 luerint
727 993 934 1069 per'maiorear
961 1011 1056 1063 suum,
1081 1010 1171 1050 excu-

162 1069 329 1138 x'sationem
347 1077 455 1136 babent
471 1087 599 1147 nostrae,
622 1076 670 1154 qui
688 1095 740 1134 eos
758 1075 931 1147 adieramus,
950 1076 1119 1148 violentiae,
1139 1084 1171 1134 ιιι

188 1164 353 1242 permittant
371 1161 451 1218 exire
470 1161 576 1219 enimes
595 1179 666 1238 quas
683 1179 853 1232 evocamus3
872 1180 930 1219 uon
948 1161 1024 1223 euim
1041 1161 1084 1219 illi
1101 1180 1170 1247 pee-

189 1252 256 1306 cant
274 1247 355 1324 qaiv
338 1246 392 1303 vbn
411 1245 566 1323 patiuntur,
586 1242 638 1304 seul
656 1265 709 1303 uos
727 1247 774 1324 qui
793 1246 940 1305 inferimus
953 1247 1167 1318 necessitatene

166 1331 234 1419 ,Ad
252 1331 325 1390 baec
343 1329 461 1401 Nicatn,
483 1329 557 1388 ultro
580 1350 636 1388 non
664 1331 764 1389 ferens
784 1349 981 1428 praepropere
1006 1329 1169 1409 responrlit,

189 1415 263 1495 quod
283 1426 313 1473 ct
331 1433 388 1492 ogo
407 1413 519 1494 quidem
539 1415 667 1474 facturus
685 1434 780 1486 eram,
799 1414 852 1474 sctl
878 1416 956 1493 prius
982 1434 1047 1473 eum
1073 1416 1172 1492 expis-

189 1499 424 1576 caridesingulis
442 1499 605 1578 cupiebam
626 1497 691 1570 sod,
711 1499 822 1571 ιιιιιιιιι,
847 1498 952 1558 Nicete
961 1501 1168 1577 praevenieesr
1193 1567 1195 1574 ¹

187 1585 225 1644 llt
242 1597 283 1655 tu,
304 1585 483 1662 ioquitsaon
501 1586 584 1643 times
602 1583 677 1643 aliem
694 1583 805 1655 iudicii,
825 1585 872 1662 qui
891 1585 945 1642 vim
960 1585 1168 1662 angolisiaeis,

189 1682 219 1728 et
236 1673 344 1727 onlaras
363 1687 482 1738 evocas,
503 1679 533 1726 ct
550 1669 680 1728 homines
698 1662 821 1746 decipis,
851 1679 882 1726 et
898 1669 1039 1728 bonorem
1055 1667 1109 1727 tibi
1126 1666 1170 1726 rb-

187 1757 280 1812 rinum
298 1752 334 1812 ab
353 1751 511 1811 bominibus
530 1755 685 1812 mercoris?
703 1764 734 1812 et
750 1752 894 1832 quomodo
912 1753 995 1812 nebia
1011 1751 1170 1832 persuadeo

189 1836 265 1917 quod
282 1855 376 1915 neque
403 1835 537 1895 iudicium
555 1839 626 1909 erit,
646 1849 679 1896 ut
695 1838 822 1896 nonnulli
841 1836 1011 1897 ludaeorum
1029 1839 1168 1908 fatentur,

187 1941 282 2022 neque
300 1923 414 1980 animae
431 1923 606 1981 immortales
624 1923 692 1995 siut,
713 1921 789 2001 quod
807 1922 920 1982 uidetur
937 1922 1076 2001 pluribus,
1104 1934 1170 1982 ιιι·
1198 2000 1203 2004 .

188 2008 256 2084 ipsis
275 2007 366 2065 oculis
384 2007 439 2065 tuis
457 2004 556 2066 tideus
575 2025 638 2080 ees,
667 2018 698 2066 et
714 2008 935 2067 commotionem
954 2005 1043 2066 liutai
1069 2005 1168 2066 inlicit

189 2092 288 2170 capias
306 2109 343 2150 ex
361 2091 449 2168 ipsis?

230 2173 286 2238 Η.
333 2175 384 2235 llis
402 2174 438 2234 ab
455 2193 492 2237 eo
511 2175 596 2237 dictis
613 2177 753 2257 impalluit
779 2176 895 2249 Simon,
923 2187 956 2237 ct
980 2187 1076 2238 temen
1103 2183 1170 2257 pest

187 2261 340 2340 paullulum
359 2261 545 2362 recolligens
552 2281 596 2333 se,
616 2264 657 2321 ιιι
675 2262 840 2343 respoudit:
860 2262 907 2321 Nc
925 2263 1044 2341 putetis,
1063 2260 1166 2342 inquit,

188 2344 264 2426 quod
282 2346 399 2425 generis
417 2348 505 2408 vestri
523 2347 650 2407 bomo
627 2366 770 2425 suu,.ego
788 2366 882 2427 neque
899 2363 1096 2424 negassem,
1115 2367 1168 2407 no·

188 2450 242 2511 qua
261 2443 372 2491 ιιιιιιιιοι
388 2431 500 2503 Lunae,
521 2450 615 2511 neque
632 2431 752 2491 Antonii
769 2433 855 2492 filius.
899 2430 978 2491 Aeto
995 2433 1072 2491 euim
1085 2452 1168 2511 quen
1229 2442 1234 2448 “

186 2528 279 2575 muter
294 2534 361 2575 uren
383 2515 491 2575 Rncbel
510 2518 679 2575 conveniret
697 2537 761 2575 cum
780 2536 828 2588 eo,
846 2516 941 2575 adbuc
958 2517 1042 2595 virgo
1058 2536 1168 2577 coneo·

187 2603 229 2678 pit
247 2618 304 2670 me,
325 2620 388 2658 cum
407 2612 486 2659 esset
503 2601 531 2658 in
549 2611 696 2699 potestate
704 2616 788 2672 area,
816 2602 863 2659 rel
880 2620 997 2680 perram
1014 2620 1093 2674 csse,
1120 2599 1167 2661 uel

136 2714 140 2729 ι
187 2704 330 2773 maguum,
355 2696 385 2743 ot
411 2685 552 2743 hominem
579 2685 655 2743 iuter
681 2685 810 2744 homiues
827 2704 981 2764 apparere.
1026 2684 1168 2747 Tonanti

74 2782 80 2795 ·
187 2788 260 2845 ergo
279 2772 443 2845 gratiores
461 2772 567 2869 primos
585 2772 703 2828 nasamsi
721 2771 841 2843 amicos,
861 2782 894 2829 ut
909 2771 938 2829 ιι
953 2771 1169 2833 caeleatibuaet

186 2852 376 2911 ineffabilibus
393 2854 465 2912 locis
483 2856 553 2913 meis
571 2854 899 2954 primosvescollocenr,
920 2855 1166 2935 comprobavero.

113 2935 116 2938 ’
187 2937 314 2996 llunranu
333 2958 405 3016 ergo
425 2937 460 2997 do
479 2940 588 3039 meipso
607 2938 741 2998 mentitus
759 2960 835 3012 sum,
864 2952 896 3001 ut
921 2960 973 3000 vos
989 2941 1168 3001 nannenten

187 3023 417 3102 comprobarem,
438 3024 461 3083 si
480 3026 622 3103 integrum
641 3043 713 3101 erge
732 3044 777 3083 mc
795 3027 918 3085 serratis
935 3026 1082 3085 affectam
1101 3025 1167 3105 ligo

187 3128 256 3167 roro
276 3108 347 3167 baec
367 3107 526 3181 audieus,
517 3130 607 3189 ipsum
628 3108 740 3189 quidem
758 3111 892 3169 misorum
910 3110 1083 3182 indicans,
1074 3131 1168 3189 ampu-

187 3193 316 3251 ulentinm
330 3206 425 3254 tomen
444 3196 506 3254 eius
525 3194 683 3266 admirans,
704 3200 741 3254 et¹
751 3216 804 3273 pro
823 3215 860 3255 eo
886 3197 948 3274 ipse
975 3195 1166 3267 erubescens,

187 3279 267 3335 simul
287 3290 316 3336 et
334 3280 441 3337 veritus
460 3300 496 3337 nc
515 3278 582 3357 quid
600 3282 628 3336 in
647 3300 699 3337 nos
718 3281 869 3339 moliretur
892 3280 971 3351 areli,
999 3280 1086 3340 innuo
1113 3280 1167 3342 Ni·

187 3372 283 3432 cetne,
303 3364 447 3439 paulisper
464 3383 519 3421 une
537 3382 646 3422 mecum
666 3363 810 3435 simulare,
831 3365 925 3423 ateio
943 3365 981 3423 etl
999 3384 1078 3424 eum:
1099 3364 1167 3425 Non

41 3480 42 3488 ι
105 3440 107 3465 “
187 3445 268 3503 uobis
295 3445 452 3523 indigneris
480 3447 638 3507 homiuibus
665 3449 912 3527 corruptibilibus,
941 3450 1167 3527 incorruptibilis

187 3528 272 3602 deus,
293 3529 344 3589 seul
362 3533 475 3610 suscipe
493 3534 584 3610 magis
602 3533 736 3592 ellectum
755 3545 897 3605 nostrum,
925 3546 957 3593 et
974 3535 1096 3592 animum
1114 3555 1166 3593 vo-

186 3614 292 3673 lentem
318 3617 394 3674 scire
422 3619 467 3696 qul
496 3620 532 3676 sit
559 3617 644 3691 deus,
669 3618 794 3677 nondum
822 3620 896 3677 enim
924 3618 1085 3677 solebamus
1102 3620 1166 3698 quia

187 3718 277 3770 esses,
299 3712 328 3759 et
346 3720 399 3759 nee
418 3701 635 3761 ιιιιιιιιιιιιιιιιιε
653 3704 719 3781 quia
737 3715 767 3761 tu
790 3721 821 3761 cs
848 3721 930 3780 quem
945 3703 1162 3781 quaerebamus.

231 3783 290 3848 15.
331 3786 409 3843 llaec
428 3798 458 3844 ct
475 3788 518 3844 bis
537 3788 636 3845 similia
656 3788 732 3846 uultu
750 3807 803 3865 pro
821 3804 854 3844 re
872 3798 969 3865 aptato
987 3807 1166 3870 prosequor

185 3869 259 3927 tibus
278 3869 371 3972 nobis,
392 3872 560 3930 vanissimus
579 3870 773 3930 crematuros
791 3869 942 3950 deceptos,
969 3883 999 3932 et
1018 3892 1054 3932 eo
1071 3874 1166 3949 magis
