2634 4400
592 264 660 328 illd

134 488 232 536 terrae
251 472 368 544 divisos,
389 484 445 533 tum
465 472 570 533 deinde
589 484 619 531 et
636 475 663 531 si
681 474 719 533 ita
737 484 831 545 esset,
859 476 889 536 in
915 494 972 535 nna
987 488 1072 557 parte
1090 490 1121 539 et

134 564 163 621 in
181 582 238 621 nna
256 562 378 638 regione
397 560 554 619 invenimus
573 557 870 619 multosdiffercntias
884 562 991 639 legum,
1012 562 1118 624 etideo

134 666 228 726 neque
256 642 364 724 sepiem
393 654 458 703 sunt
484 642 639 705 secundum
667 663 813 704 numerum
840 646 1001 717 stellarum,
1022 666 1117 728 neque

134 732 285 793 duodecim
304 728 459 792 secundum
477 748 623 789 numerum
643 731 821 818 signorum,
831 748 926 810 neque
952 734 1070 810 triginta
1088 746 1119 794 et

134 836 185 878 sex
204 814 357 877 secundum
378 834 522 877 numerum
542 809 729 886 decanorum,
749 815 814 875 sed
819 827 885 875 sunt
901 818 1081 879 innumerae.

176 903 245 963 97.
280 900 445 961 Meminisse
464 912 558 962 autem
577 898 714 959 debemus
732 920 832 960 eorum
851 906 924 981 qnae
941 923 1030 982 supra
1048 922 1119 963 enn-

132 998 332 1080 mecummet,
354 984 467 1065 quodin
485 1004 540 1044 una
559 984 657 1045 ladiae
676 987 799 1063 regione
816 997 883 1045 suot
909 998 939 1046 et
961 990 1009 1067 qui
1026 988 1119 1047 homi·

124 1053 202 1133 uudn
217 1030 349 1131 carnibds
367 1082 532 1143 vescantur,
554 1081 584 1129 et
601 1082 667 1129 suut
685 1073 732 1149 qui
756 1073 841 1131 etiam
859 1092 876 1131 a
894 1072 1053 1150 pecudibus
1070 1076 1117 1134 vel

33 1178 39 1183 ·
132 1158 231 1217 avibus
259 1156 442 1235 omnibusque
468 1155 655 1214 animantibus
673 1156 850 1229 abstineant,
880 1169 910 1216 ct
927 1160 995 1237 qnia
1014 1158 1118 1237 Magu-

123 1246 192 1302 saei
211 1262 267 1303 non
286 1242 422 1300 solumin
443 1239 560 1299 Perside
580 1251 686 1299 matres
704 1261 738 1300 ac
758 1243 831 1301 filias
848 1244 993 1321 accipiunt
1010 1246 1039 1302 in
1058 1264 1118 1303 ma·

132 1330 305 1398 trimoninm‚
335 1324 387 1385 sed
414 1337 444 1385 et
470 1331 498 1383 in
527 1324 602 1385 omn'i
622 1336 709 1402 gente
729 1327 888 1405 ubicunque
911 1328 1114 1402 habitaverint,

131 1414 267 1473 malorum
287 1431 401 1471 suorum
420 1413 532 1471 incesta
558 1412 687 1469 instituta
703 1409 886 1471 costodiunt.
934 1412 1003 1473 Τιιιιι
1031 1434 1117 1492 prae-

123 1510 213 1560 terea
232 1509 262 1557 et
280 1500 442 1556 innumeras
461 1506 564 1573 gentes
584 1497 812 1567 memoravimus,
833 1516 907 1575 quae
925 1499 1038 1575 penitus
1056 1510 1116 1558 stn-

131 1583 178 1643 dia
204 1584 336 1643 nesciunt
363 1582 519 1641 literarum.
576 1578 636 1639 Sed
663 1591 694 1639 et
720 1581 856 1659 aliquanti
883 1584 1030 1661 sapientes
1060 1585 1116 1643 viri

129 1671 206 1749 ipsas
225 1669 342 1747 legesiu
355 1666 496 1725 nonnullis
506 1677 752 1725 commutaverunt
761 1667 844 1739 locis,
864 1668 938 1726 aliae
947 1686 1018 1726 vero
1028 1669 1115 1727 etiam

130 1765 232 1834 sponte
251 1772 304 1832 pro
322 1754 365 1811 sui
385 1754 429 1812 vel
447 1751 677 1829 impossibilitate
693 1751 740 1810 vel
758 1752 940 1812 inhonestate
955 1752 1114 1813 derelictae

130 1850 205 1899 sunt.
253 1839 340 1897 (iente
360 1836 436 1917 quod
454 1839 483 1895 in
501 1846 632 1915 promptu
651 1848 849 1909 estensem,
870 1838 967 1917 quanti
989 1839 1116 1918 impera-

129 1936 209 1985 tores
228 1924 353 2002 gentium
373 1939 441 2002 quas
458 1923 589 1981 vicerant
608 1922 689 2000 leges
708 1932 739 1981 et
756 1923 884 1981 instituta
906 1934 1061 1995 mutarunt,
1081 1934 1113 1983 et

129 2012 188 2071 suis
207 2029 256 2069 cas
273 2010 386 2087 legibus
404 2008 599 2067 subiecerunt.
647 2006 730 2081 Quod
756 2008 909 2068 evidenter
933 2029 951 2067 a
978 2008 1113 2069 Romanis

128 2098 234 2155 facturn
254 2094 385 2166 docetur,
407 2095 455 2173 qui
473 2112 585 2152 omnem
603 2112 698 2171 paene
717 2094 816 2152 orbern
835 2113 991 2171 omnesque
1018 2096 1113 2153 natio·

128 2201 180 2241 nes
198 2182 321 2262 propriis
338 2182 429 2260 primo
449 2190 479 2239 ct
496 2180 582 2239 variis
601 2178 714 2256 legibus
723 2180 914 2257 institutisque
924 2180 1064 2249 viventes,
1084 2180 1114 2240 iu

120 2266 318 2326 Romanorum
337 2268 381 2324 ius
400 2276 430 2324 et
448 2262 543 2322 civilia
560 2265 633 2321 scita
650 2274 812 2322 venerunt.
829 2266 857 2334 ¹)
882 2263 1022 2340 Superest
1040 2282 1113 2340 crgo

128 2363 159 2411 ut
177 2363 208 2411 et
224 2353 326 2411 stellae
346 2351 484 2428 gentium,
505 2365 578 2426 quae
596 2367 613 2405 a
632 2346 768 2405 Romanis
785 2348 880 2406 uictae
898 2358 979 2420 sunt,
1000 2348 1113 2410 climata

51 2446 53 2452 ’
127 2457 178 2496 suo
196 2449 349 2516 partesque
369 2432 558 2512 perdiderint.
699 2481 714 2506 ,

153 2522 227 2596 itit.
272 2519 383 2578 Addam
402 2517 493 2576 adhuc
512 2535 583 2587 nem,
605 2536 678 2596 quac
697 2519 790 2595 possit
807 2517 892 2576 etiam
910 2516 993 2576 valde
1016 2519 1113 2578 incre-

127 2607 201 2666 dulis
220 2601 402 2662 satisfacere.
450 2601 547 2661 ludaei
568 2621 667 2661 omnes
686 2603 731 2681 qui
750 2602 803 2661 suli
821 2603 887 2682 lege
897 2601 992 2682 Moysi
1003 2604 1110 2676 vivunt,

127 2692 203 2750 lilios
221 2708 288 2746 snos
307 2699 408 2746 octaua
435 2687 482 2745 die
509 2688 615 2766 absque
643 2687 700 2746 ulla
726 2687 863 2746 dilatione
891 2687 1110 2762 circumcidunt,

128 2787 158 2835 et
176 2775 292 2832 infantis
311 2776 404 2832 teneri
423 2775 590 2850 sanguinem
609 2771 745 2845 lundunt3
765 2794 783 2832 a
801 2773 918 2832 sacculo
936 2785 1030 2834 ante·
1049 2775 1112 2834 nul·

127 2863 170 2921 lus
198 2878 236 2918 ex
262 2859 394 2938 gentibus
421 2859 476 2917 hoc
496 2857 542 2918 die
561 2869 664 2918 octava
681 2877 834 2938 perpessus
853 2869 914 2929 cst,
943 2870 974 2918 et
991 2871 1112 2938 econtra

128 2945 296 3004 ludaeorum
316 2946 407 3003 nullus
427 2945 531 3002 omisit.
581 2943 729 3016 Quomodo
748 2963 821 3021 ergo
838 2946 868 3004 in
887 2944 942 3004 hoc
964 2947 1040 3005 ratio
1059 2951 1113 3022 ge-

127 3033 205 3090 nesis
224 3030 329 3089 stabit?
357 3049 421 3089 cum
438 3047 492 3108 por
516 3037 633 3086 cunctas
660 3029 740 3086 orbis
765 3039 864 3087 terrae
890 3040 987 3107 partes
1013 3049 1113 3090 omues

127 3115 226 3176 ludaei
244 3114 361 3174 admixti
380 3114 512 3192 gentibus
529 3114 637 3183 vivant,
657 3123 690 3171 et
707 3123 809 3172 oetam
827 3113 935 3172 forrum
961 3115 1113 3192 perierant

127 3201 174 3260 dio
193 3203 274 3260 unius
292 3202 320 3259 io
340 3200 457 3259 membri
477 3200 554 3270 loco,
575 3209 606 3258 et
623 3217 709 3257 nemo
727 3199 893 3275 gentilium,
912 3197 966 3258 scd
983 3200 1038 3276 ipsi
1056 3200 1112 3257 soli

126 3297 158 3345 nt
176 3285 246 3357 dixi,
267 3287 322 3344 lroc
340 3286 460 3356 iaciunt,
475 3288 504 3356 ¹²)
529 3303 586 3342 non
604 3283 690 3342 stella
707 3293 834 3361 cogente
860 3302 915 3342 nec
942 3278 1111 3362 perfusione

127 3372 273 3450 sanguinis
291 3381 479 3448 perurgente,
501 3367 552 3428 sed
571 3369 799 3447 legereligionis
812 3366 939 3439 adducti,
961 3379 992 3428 et
1000 3369 1029 3428 in
1040 3388 1111 3448 quo-

127 3475 238 3535 eunque
258 3455 336 3514 orbis
355 3456 421 3514 loco
439 3455 547 3512 fuerint
576 3454 630 3512 hoc
655 3455 760 3513 osteis
778 3454 892 3530 insigne
914 3454 1109 3514 vernaculum.

76 3561 79 3574 ¹
127 3540 186 3600 Sod
204 3552 235 3600 et
252 3541 328 3620 qood
346 3559 429 3599 unum
447 3557 552 3598 nomeu
569 3538 700 3598 omuibus
717 3541 794 3598 inest
811 3537 972 3617 ubicunque
989 3540 1109 3610 luerint,
1144 3544 1165 3586 Χ

125 3624 259 3704 numquid
278 3627 380 3686 ethos
399 3623 453 3704 per
470 3625 599 3702 genesim
617 3625 716 3683 ueniti
735 3635 765 3683 et
784 3622 860 3702 quod
877 3643 1018 3702 nonquam
1036 3622 1111 3702 apud
1135 3595 1179 3663 ζ’

125 3772 339 3788 ...ῳ-...φ-

164 3829 188 3891 1)
207 3831 414 3892 Superest-
431 3831 636 3894 perdiderint
653 3833 747 3894 dmpnt
763 3832 791 3880 in
809 3833 881 3880 codd.
898 3830 981 3890 Lipm.

162 3898 189 3962 ²)
207 3901 274 3946 Non
293 3901 389 3948 stella
406 3927 440 3938 -
458 3905 512 3951 aut
531 3913 636 3950 emere
653 3915 707 3949 non
724 3902 847 3962 leguntur
863 3901 891 3948 in
909 3899 980 3947 codd.
993 3899 1076 3960 Lipss.

943 4083 947 4091 ι
