2634 4400
572 284 638 343 175

498 376 711 389 m

115 504 172 551 turn
191 488 316 549 libenter
333 488 458 566 suscipe,
479 488 553 547 siout
570 498 601 547 et
619 508 671 547 nos
690 498 777 547 tuum.
822 486 861 547 llt
878 506 942 545 curn
959 487 1031 547 bace
1051 485 1095 546 di·

114 586 197 637 eerct
224 574 336 647 Petrus,
366 574 487 652 plurima
512 569 660 632 multitudo
689 573 833 632 convenit.
888 571 957 630 Tum
985 592 1091 631 senex:

113 661 266 731 Fortassis,
286 659 388 738 inquit,
409 659 560 719 contristat
577 678 628 717 vos
645 659 811 737 praesentia
831 653 1027 716 multitudinis.
1058 658 1095 715 u:

112 746 231 806 Petrus:
252 743 449 825 Nequaquam,
470 744 571 824 iuquit,
592 744 645 802 uisi
665 742 720 801 boc
735 744 950 812 solumvereor‚
971 743 1094 801 neforto

114 830 322 911 disputantibus
341 829 423 889 nobis
442 847 504 889 cum
523 829 615 907 palam
633 828 710 887 lacta
729 828 816 888 luerit
833 829 939 887 veritas
957 838 988 885 tu
1009 846 1095 887 vere-

113 916 246 977 cundiam
262 916 381 995 patiaris
404 934 456 993 pre
475 914 640 993 praesentia
659 911 844 974 multitudiuis
863 910 970 971 cedere
989 922 1019 971 et
1044 911 1095 972 ad·

113 1004 268 1080 quiescere
285 1001 328 1059 bis
346 1019 417 1079 qnae
436 998 581 1060 veredici
599 998 789 1058 intellexeris.
834 995 881 1056 Ad
907 999 981 1057 baec
1004 1017 1095 1057 senex

113 1088 169 1147 ait:
190 1086 254 1165 ugo
273 1107 329 1145 uon
349 1086 388 1144 ito
407 1086 507 1145 stultus
526 1083 676 1155 consenui,
696 1094 727 1142 ut
736 1083 901 1162 intelligens
910 1082 987 1163 quod
997 1103 1094 1143 rerum

114 1183 170 1243 est,
191 1172 310 1231 abnuam
329 1167 357 1229 id
376 1169 411 1228 ad
429 1170 507 1248 vulgi
524 1170 656 1247 gretiam.

154 1254 189 1315 4.
237 1255 342 1336 Coepit
360 1274 432 1333 ergo
451 1253 552 1316 Petrus
571 1250 686 1313 dicere:
714 1252 858 1314 Videntur
884 1254 951 1313 milri
977 1254 1017 1326 hi,
1047 1253 1095 1333 qui

113 1343 267 1421 loquuntur
283 1337 399 1401 verbum
418 1340 547 1401 veritatis
557 1349 586 1398 ct
596 1339 642 1418 qui
653 1338 809 1398 illuminant
818 1340 924 1398 animas
939 1339 1093 1414 bominum,

114 1427 304 1488 similesesse
323 1424 410 1486 radiis
429 1426 509 1497 solis,
531 1425 626 1504 quint
643 1423 841 1503 processerint
859 1435 889 1482 et
909 1429 1097 1503 apparuerint

113 1511 231 1583 mundo,
251 1512 340 1571 celari
358 1511 432 1571 ultra
450 1520 498 1569 aut
517 1510 657 1569 occultari
684 1508 842 1569 nullatenus
867 1521 1001 1590 possunt,
1031 1510 1096 1571 dum

114 1618 171 1655 non
190 1608 245 1655 tam
263 1595 396 1657 videntur
413 1596 449 1653 ab
467 1593 638 1666 hominibus,
659 1613 741 1673 quam
758 1590 858 1655 videre
874 1596 1097 1675 omnibusprac·

114 1693 201 1743 stant.
250 1680 331 1741 Unde
359 1691 389 1741 et
413 1680 488 1739 bene
516 1700 533 1739 a
560 1678 680 1759 quodam
708 1675 878 1739 dictumest
904 1678 941 1740 ad
966 1682 1095 1742 veritatis

113 1786 292 1847 praecones:
308 1768 335 1840 1)
360 1766 421 1827 Vos
440 1768 510 1825 estis
528 1766 577 1825 lun
594 1765 701 1837 muudi,
731 1776 761 1825 et
788 1786 844 1824 non
871 1777 969 1847 potest
994 1768 1096 1827 civitas

114 1851 252 1913 abscondi
270 1872 355 1931 supra
372 1862 496 1911 montem
514 1852 617 1932 posita,
639 1850 1098 1930 nequeacceuduutluceruamet

114 1948 225 2017 pouuut
242 1957 304 1997 eam
323 1936 373 1996 sub
392 1935 499 2009 modio,
520 1934 572 1997 sed
590 1955 677 2016 super
694 1934 895 1997 condelabrum
914 1949 945 1996 ut
967 1938 1097 1997 omnibus

114 2024 212 2083 luceat
229 2024 276 2101 qui
294 2024 322 2081 in
342 2021 512 2082 domosuut.
558 2021 712 2081 Etscnex:
733 2020 814 2104 Beue
823 2023 906 2083 valde
916 2022 1097 2103 dixitsquis·

115 2109 177 2187 quis
196 2107 244 2167 ille
263 2118 318 2167 est.
365 2105 425 2167 Sed
443 2118 569 2186 exponat
586 2108 687 2187 aliquis
704 2119 846 2181 vestrum,
867 2108 943 2188 quod
969 2110 1024 2168 sibi
1050 2128 1098 2167 se-

116 2191 256 2274 quendum
277 2191 399 2266 videtur,
420 2204 451 2251 ut
468 2191 505 2253 ad
524 2205 632 2254 certum
651 2204 834 2272 prospectum
852 2196 1012 2254 emittamus
1035 2214 1097 2253 ser·

116 2282 216 2340 mones
234 2290 361 2355 nostros.
407 2277 474 2337 Non
493 2280 568 2338 enim
586 2278 694 2336 suffieit
710 2276 747 2337 ad
765 2277 964 2338 inveniendam
990 2279 1097 2338 verita-

116 2378 174 2426 tem
193 2364 344 2428 destruere
363 2383 409 2435 ea,
430 2383 502 2442 quae
522 2384 538 2423 e
558 2361 672 2422 diverso
700 2361 843 2433 dicuntur,
871 2362 924 2422 sed
950 2372 982 2422 et
1006 2365 1096 2442 ipsum

115 2452 250 2531 prolerre
269 2451 298 2509 in
317 2447 450 2520 medium,
472 2445 546 2528 quod
566 2449 658 2526 possit
676 2448 724 2528 qui
751 2467 768 2507 e
791 2446 905 2508 diverso
924 2459 970 2508 est
986 2448 1098 2527 impug-

116 2555 198 2597 nare.
218 2603 221 2614 ,
245 2535 283 2595 Ut
300 2555 372 2613 ergo
390 2534 512 2614 partium
530 2535 567 2594 sit
584 2552 677 2613 aequa
694 2535 881 2612 congressio,
901 2545 1011 2594 rectum
1029 2533 1097 2592 mibi

115 2621 239 2692 videtur,
260 2631 291 2680 ut
307 2621 398 2699 prius,
419 2618 485 2698 quid
503 2630 623 2698 uterque
638 2630 765 2678 nostrum
776 2617 922 2691 defendat,
944 2620 1095 2691 enunciet:

117 2717 148 2768 et
165 2707 189 2766 si
206 2707 313 2786 placet,
334 2706 441 2784 primus
468 2705 613 2784 incipiam.
660 2703 725 2784 Ego
752 2702 829 2777 dico,
858 2724 916 2764 nou
942 2702 1097 2764 secundum

117 2791 165 2852 dei
182 2789 565 2871 providentiaruguberuari
583 2788 726 2862 mundum,
755 2791 822 2870 quis
840 2790 926 2850 multa
943 2790 972 2849 in
996 2809 1033 2849 eo
1051 2790 1095 2847 in-

116 2878 190 2938 iuste
209 2889 240 2936 et
258 2876 419 2938 inordinate
438 2877 502 2954 geri
520 2875 659 2948 videmus,
688 2874 740 2936 sed
767 2877 897 2956 genesim
923 2873 990 2935 dico
1018 2894 1095 2946 esse,

115 2981 189 3041 quae
209 2963 303 3020 omnia
321 2963 382 3038 agit
400 2973 430 3020 et
444 2963 582 3020 continet.

157 3045 192 3104 a.
238 3043 285 3104 Ad
303 3045 374 3104 haec
394 3066 456 3103 eum
475 3044 577 3104 Petrus
590 3043 1098 3122 responderevellet‚'Nicetaprae-

114 3130 236 3192 veniens
253 3130 308 3189 ait:
329 3129 478 3208 Indulgent
496 3127 563 3186 mihi
582 3127 711 3188 dominus
737 3149 816 3188 meus
835 3129 937 3187 Petrus
963 3127 1000 3187 ad
1026 3128 1098 3187 hacc

116 3213 307 3295 respondere,
329 3225 359 3272 et
377 3235 433 3272 nou
450 3213 581 3274 videatur
603 3226 768 3292 protervum
796 3213 871 3293 quod
897 3214 1007 3273 iuvenis
1035 3232 1098 3272 cun:

117 3321 187 3362 sene
206 3301 369 3363 conllicturu
387 3299 517 3373 babeam,
538 3299 589 3360 sed
609 3311 639 3358 ut
657 3299 730 3358 lilius
749 3318 812 3358 cun:
831 3310 913 3377 patre
936 3299 1095 3377 colloquar.

116 3385 155 3448 E:
173 3386 287 3448 Senex:
312 3384 380 3445 Nou
397 3385 487 3444 solum
505 3395 547 3458 tu,
568 3385 669 3465 inquit,
689 3385 740 3455 lili,
761 3383 838 3464 quod
855 3384 907 3442 tibi
928 3382 1041 3444 videtur
1067 3394 1099 3442 ut

116 3473 299 3551 prosequaris
316 3471 395 3543 volo,
416 3470 468 3532 sed
486 3471 558 3530 etsi
576 3471 623 3549 qui
634 3490 672 3529 ex
680 3468 824 3530 sodalibus
833 3471 900 3541 tuis,
921 3471 1002 3549 siqui
1014 3470 1099 3528 etiam

119 3555 156 3616 tle
174 3553 350 3616 adstantibus
367 3547 481 3616 videtur
498 3557 574 3615 scire
593 3553 711 3635 aliquid,
731 3550 932 3614 incunctanter
953 3556 1096 3633 proferat,
1203 3596 1212 3603 .

117 3642 243 3701 libenter
267 3642 440 3720 accipimus:
470 3641 585 3702 collatio
613 3641 688 3701 enim
713 3640 897 3719 plurimorum
923 3640 1037 3700 lucilius
1063 3658 1099 3701 oa

156 3913 181 3975 Ι)
199 3915 290 3962 ursus.
309 3919 333 3976 s,
353 3917 392 3962 14.
411 3917 450 3964 ιι.
