2634 4400
601 293 665 356 tot

524 383 740 400 ..ι-ο--ι-ι

137 493 342 576 praeviderim,
365 497 429 573 quia
447 493 562 554 elstane
581 498 712 575 loquutus
739 517 798 557 eom
818 499 868 558 titt
887 520 941 578 per
966 501 1122 562 bonitatem

138 601 242 652 oleam,
264 590 293 639 et
311 581 455 658 patienter
473 582 520 657 egi
540 592 645 642 tecum.
694 581 776 641 Nouo
794 593 888 643 autem
907 584 958 644 tibi
974 586 1121 647 oetoodam

139 665 295 726 divinitatis
322 683 404 726 meae
430 667 604 743 potentiam,
632 677 664 726 ut
690 678 809 745 repente
836 667 970 747 procidas
997 682 1027 729 et
1052 668 1123 730 atlo-

138 769 188 808 ree
207 767 263 809 me.

182 849 237 910 tt.
285 849 349 929 Ego
367 871 426 909 eum
445 850 534 930 plima
552 852 652 923 virtue,
683 854 729 930 qul
751 871 867 934 temper
893 867 924 914 et
950 857 1013 915 siue
1040 856 1122 915 initio

139 955 212 994 sum.
260 935 410 1013 Ingressus
427 945 521 994 autem
541 946 650 995 uterum
671 936 789 1011 Rachel,
811 949 892 998 uatus
910 959 970 999 eum
989 951 1020 999 ut
1039 940 1122 1000 homo
1182 991 1194 1010 s
1235 919 1243 930 κ

139 1029 177 1080 e'x
196 1039 242 1091 oa,
263 1039 319 1099 quo
338 1019 373 1078 ab
392 1020 549 1079 homiuibus
567 1020 658 1080 videul
677 1041 809 1104 possem3
830 1043 886 1102 ego
901 1029 1058 1103 pera'e'rem
1073 1045 1124 1084 vo·

140 1106 208 1176 lavi,
230 1105 289 1181 igni
308 1106 475 1170 commixtus
493 1125 577 1164 uuum
596 1124 702 1188 eorpus
721 1107 923 1180 affectuosum,
944 1121 1123 1169 statuasmo·

138 1190 201 1248 veui
216 1189 285 1260 ieci,
307 1190 426 1248 animavi
438 1191 577 1262 exanima,
598 1190 708 1268 lapidee
726 1211 814 1275 pauca
833 1193 903 1265 ieci,
924 1191 961 1254 tle
980 1205 1075 1254 moute
1094 1195 1122 1252 iu

138 1284 263 1332 utentem
282 1274 387 1345 volavi,
408 1277 591 1345 transmeavi,
612 1275 739 1334 mauibua
758 1278 924 1355 augelorum
948 1290 1123 1338 sustentatus

137 1358 176 1418 ad
195 1369 290 1416 temus
308 1357 456 1417 descendi.
505 1359 583 1418 llaec
603 1379 659 1417 uon
687 1361 776 1419 solum
805 1363 883 1433 leci,
912 1362 965 1421 sed
992 1374 1022 1422 et
1048 1382 1122 1422 ouue

138 1445 240 1502 lacere
258 1463 384 1521 possum,
413 1453 444 1501 ut
469 1443 556 1503 rebus
583 1444 652 1521 ipsiu
679 1445 797 1524 probem
821 1445 961 1516 omuibus,
982 1448 1047 1525 quia
1066 1466 1123 1525 ego

139 1547 200 1586 sum
221 1527 293 1586 iiliue
312 1526 358 1586 dei
377 1537 455 1590 stans
474 1529 502 1586 iu
520 1540 680 1600 aeteruum,
702 1539 732 1587 et
750 1528 904 1589 caedentes
914 1531 982 1588 mihi
992 1530 1123 1590 similiter

138 1623 217 1676 state
245 1613 273 1674 iu
299 1623 466 1691 perpetuum
495 1614 608 1672 iaelam.
653 1613 715 1672 'l'ua
742 1625 835 1672 autem
863 1614 952 1673 verba
970 1634 1040 1674 vana
1059 1625 1124 1674 suut

137 1698 246 1768 omnia,
268 1715 321 1756 uec
339 1697 423 1757 ullum
443 1708 526 1777 potes
546 1717 616 1778 opus
635 1697 790 1757 ostendere
817 1700 963 1770 veritatis,
992 1701 1067 1758 eicut
1093 1711 1123 1758 et

139 1783 189 1842 ille
208 1782 255 1860 qui
274 1782 351 1842 misit
369 1791 397 1842 te
415 1801 525 1860 magite,
547 1785 593 1864 qui
612 1801 667 1844 nec
686 1803 718 1842 ue
737 1785 826 1867 ipsum
844 1785 936 1865 potuit
952 1783 1122 1844 libet-arelo

138 1868 236 1925 erucis
254 1884 359 1945 poena.

182 1983 239 2044 48.
288 1983 337 2052 llis
355 1981 440 2048 lictis
459 2005 474 2047 a
495 1985 624 2061 Simone,
654 1989 757 2051 Petrus
783 1988 950 2068 rospondit:
980 1987 1026 2049 Ne
1053 2010 1123 2068 agas

138 2069 247 2142 aliena,
267 2079 296 2128 tu
316 2071 390 2129 euim
410 2069 485 2150 quod
503 2073 542 2132 sis
561 2093 659 2151 magus
682 2093 719 2137 ex
738 2069 890 2154 ipeisiluae
905 2075 1032 2152 gessisti,
1052 2093 1123 2133 eoo·

137 2156 233 2215 lessus
252 2173 284 2215 eu
303 2165 333 2215 et
350 2157 561 2230 manifestatus,
592 2168 691 2219 noster
717 2170 811 2220 autem
838 2161 977 2238 magister
1004 2161 1050 2238 qui
1078 2155 1123 2219 eet

139 2240 214 2302 itlius
234 2238 280 2299 lei
299 2250 329 2299 et
354 2241 492 2313 hominis,
522 2244 672 2307 manifeste
698 2242 790 2301 bouus
817 2253 881 2315 est,
928 2242 1002 2321 quod
1028 2254 1123 2302 autem

139 2344 210 2386 veae
229 2326 266 2387 sit
285 2324 357 2384 lilius
376 2324 435 2396 dei,
457 2325 555 2411 quibus
575 2327 712 2405 oportuit,
734 2325 839 2386 dictum
867 2338 913 2385 eet
939 2338 969 2385 et
994 2324 1119 2385 dicetur.

137 2409 181 2468 Tu
200 2421 293 2469 autem
319 2411 344 2467 sl
372 2430 429 2468 uou
455 2411 497 2467 vis
526 2408 658 2473 conliteri
685 2408 761 2489 quoti
780 2430 878 2489 magus
896 2430 944 2481 ee,
965 2430 1028 2473 eutu
1047 2412 1123 2471 omui

138 2494 194 2553 itae
222 2494 304 2553 turba
330 2512 482 2573 pergamus
509 2492 546 2553 ad
573 2492 685 2557 donnum
713 2506 799 2566 tuam,
829 2505 860 2554 ot
886 2505 952 2554 tuoe
972 2494 1123 2573 apparebit

139 2580 203 2656 quis
221 2580 258 2637 sit
276 2598 386 2655 magus.
434 2578 511 2637 llaec
530 2590 623 2641 aotam
648 2578 735 2645 Petro
759 2578 891 2651 dicente,
920 2578 1020 2642 Simon
1045 2579 1121 2639 lilas-

137 2662 259 2743 phemiis
278 2672 308 2721 et
325 2661 485 2726 maledictio
503 2682 592 2741 agere
612 2664 720 2743 coepit,
741 2673 771 2722 ut
789 2662 932 2724 seditione
947 2667 1035 2735 laeta,
1055 2683 1122 2743 pet·-

138 2746 260 2807 tuulmtit
280 2747 408 2813 omuibus
427 2750 508 2829 argui
528 2770 583 2807 uon
602 2759 713 2829 posset,
725 2760 764 2807 et
783 2748 884 2808 Petrae
903 2748 1123 2829 quasillaeplte·

137 2832 214 2895 ntiae
233 2850 333 2892 catusa
351 2830 508 2904 secedens,
530 2834 621 2896 victus
647 2832 805 2899 videretur.
854 2832 914 2895 sut
940 2834 1067 2915 perstitit
1093 2843 1123 2893 et

136 2936 264 2993 aegaeae
283 2934 347 2977 eum
365 2916 561 2981 vehementius
580 2920 688 2997 eoepit.
762 2930 775 2953 ⁰

182 3032 238 3092 49.
285 3032 364 3090 Tune
391 3034 510 3111 populus
538 3033 700 3110 indignatus
727 3034 873 3093 Simonem
901 3039 975 3095 atrio
998 3039 1123 3096 electum

137 3128 222 3177 extra
242 3117 352 3175 ianuam
370 3117 470 3175 (lomus
487 3118 607 3194 pepulit,
629 3136 749 3195 eumque
768 3118 914 3196 depulsum
931 3139 1004 3177 uuus
1019 3138 1123 3197 aequu-

137 3188 186 3260 tite
205 3210 250 3259 est
267 3200 354 3261 solus.
401 3200 489 3260 Facto
504 3211 600 3277 'autem
615 3202 731 3259 silentio
742 3201 842 3260 Potum
860 3201 976 3281 adloqui
990 3202 1121 3281 populum

139 3286 196 3345 tmc
216 3283 300 3343 modo
318 3286 431 3363 eoepit:
453 3285 611 3356 Patieoter,
632 3286 754 3356 iratres,
776 3286 863 3344 malou
891 3287 969 3345 ieme
996 3287 1121 3358 dehetis,

140 3372 268 3429 seientes
287 3370 350 3447 quia
370 3368 440 3429 douo
460 3388 521 3428 cum
541 3372 631 3449 possit
650 3389 701 3429 eos
721 3368 874 3439 excidere,
904 3373 1012 3450 patitur
1030 3383 1123 3430 tameo

140 3453 245 3513 durate
264 3472 353 3532 usque
372 3453 406 3512 ad
427 3456 621 3533 praestitutum
641 3454 728 3525 diem,
750 3456 778 3512 iu
796 3475 851 3533 qua
869 3455 905 3515 tle
932 3457 1061 3516 omnibus
1081 3458 1123 3515 iu-

141 3536 244 3597 dicium
265 3538 330 3610 ilet3
352 3537 494 3617 quomodo
514 3558 656 3619 eugenos
676 3558 732 3597 uon
751 3540 903 3617 patiemur,
924 3562 995 3620 quos
1017 3542 1122 3619 patitur

142 3621 231 3681 (leuel
251 3622 308 3680 Cor
326 3634 419 3682 autent
438 3644 493 3681 uon
514 3624 580 3681 loeti
600 3625 693 3682 auimo
717 3624 809 3681 illatas
836 3625 871 3682 ab
899 3627 941 3683 eia
968 3627 1122 3685 toleramus

143 3708 269 3777 inim-ias,
299 3726 360 3765 eum
385 3728 449 3766 uuus
468 3706 516 3766 ille
536 3710 581 3787 qui
600 3718 697 3786 potest
715 3709 809 3766 omnia
827 3726 882 3766 noo
903 3710 1071 3780 ulciscatur,
1093 3720 1124 3768 ut

142 3801 172 3848 et
190 3792 276 3868 ipsius
295 3790 418 3863 bouitas,
448 3804 477 3851 et
504 3794 639 3851 utolorum
668 3804 802 3851 noscatur
828 3794 969 3872 impietas.
1015 3794 1123 3853 Verum

142 3876 164 3933 ai
185 3894 240 3933 uou
260 3876 416 3935 invenisset
435 3876 578 3937 Simonem
598 3878 978 3955 malignusmiuistrumeibi,
1000 3880 1123 3939 iuvenit-
