2634 4400
582 292 650 361 stt

511 392 725 409 ῃ.-

124 512 309 585 caussamque
329 502 355 563 el
375 524 430 583 qua
447 505 551 563 moesti
571 522 698 564 essemus
718 503 897 582 exponimus,
926 520 961 561 ac
987 502 1011 559 si
1041 498 1111 579 qnid

121 602 231 672 posset,
252 602 284 648 nt
301 590 413 649 iuraret
430 590 585 649 hortamur.
636 586 772 648 Tumille
788 588 981 667 promtissime
999 604 1103 665 repro·

122 678 209 735 mittit
226 694 258 735 sc
277 694 340 735 cum
358 676 488 755 protinus
516 674 694 753 fugaturum,
725 676 748 733 si
775 684 870 732 taum
898 673 1021 731 consilio
1047 672 1108 730 eius

122 762 208 821 etiam
227 778 279 820 uos
299 760 503 821 adniteremur.
553 762 680 841 Cumque
699 767 751 818 uos
770 759 974 838 polliceremm·
986 754 1109 835 impigre

124 858 227 906 cuncta
246 848 391 928 gesturos,
412 846 468 903 ait:
491 846 645 905 Caesario
664 844 735 904 urbe
755 844 845 904 Romu
864 854 893 903 et
916 861 968 922 per
994 843 1110 922 prouin-

123 934 184 991 cias
202 932 348 991 maleficos
367 932 470 1009 inquiri
489 929 572 990 iussil
598 948 632 989 ac
660 932 774 1010 perimi,
805 949 842 988 ex
869 929 969 1009 quibus
997 926 1111 1006 plurimi

122 1016 177 1076 lam
195 1019 317 1095 peremti
335 1028 410 1077 suut.
458 1016 522 1095 Ego
550 1017 639 1097 igitur
666 1014 818 1094 divulgabo
846 1034 900 1093 per
919 1015 1043 1083 amicos,
1063 1024 1108 1069 mc
1135 1034 1142 1047 =

122 1113 153 1161 ut
179 1104 262 1161 istum
289 1121 400 1180 magum
420 1121 555 1179 caperem
575 1102 701 1172 venisse,
723 1113 753 1161 et
772 1099 1110 1160 ohhocmissnmallae·

123 1206 199 1259 sare,
222 1207 282 1267 quo
298 1189 382 1247 etiam
402 1187 448 1244 bio
469 1204 531 1244 oum
553 1187 678 1245 caeteris
698 1189 756 1246 suis
775 1186 863 1246 sociis
881 1187 1024 1264 puniatur.
1049 1182 1110 1241 Ve-

123 1274 174 1331 stri
194 1290 265 1349 ergo
285 1274 331 1351 qui
352 1291 413 1329 cnm
433 1272 499 1349 ipso*
516 1281 581 1329 sunt
599 1272 713 1331 occulte
741 1274 820 1351 quasi
842 1270 1032 1349 undecunque
1060 1287 1110 1326 au-

123 1357 239 1429 dierint,
278 1355 407 1415 iudicent
427 1358 454 1415 ei
474 1354 552 1434 quod
570 1374 625 1433 ego
645 1354 680 1413 ad
699 1356 788 1432 ipsum
813 1355 981 1434 capiendum
1008 1355 1110 1412 missus

123 1444 185 1513 sian,
207 1450 364 1501 etcertum
384 1452 439 1515 est,
462 1440 621 1521 quodcum
641 1439 777 1510 audierit,
797 1440 905 1517 fugiat:
935 1449 984 1498 aut
1007 1440 1031 1497 si
1058 1456 1109 1496 vos

123 1526 228 1607 aliquid
245 1527 346 1587 melius
362 1527 478 1600 ridetis,
500 1524 608 1586 dicire·
639 1523 713 1599 Quid
731 1525 831 1603 plural
848 1526 888 1583 ita
906 1522 1012 1583 iactum
1032 1533 1076 1583 est
1094 1542 1111 1582 a

123 1614 229 1671 nostris
248 1615 294 1692 qui
313 1614 456 1692 cumipse
477 1624 569 1684 crum,
592 1608 763 1691 explorandi
789 1612 883 1689 gratia
901 1610 1034 1668 simulati.
1055 1608 1110 1667 Ubi

124 1697 224 1757 didicit
244 1698 341 1758 Simon
360 1709 474 1758 ventum
496 1716 561 1757 esse
580 1694 679 1767 adse,
700 1708 834 1775 tauquam
853 1696 956 1773 ingens
979 1694 1032 1752 sibi
1058 1692 1110 1751 be·

123 1784 255 1842 nebulum
284 1785 417 1843 collatum
436 1782 471 1841 ah
501 1784 542 1843 cis
570 1783 733 1860 accipiens,
764 1782 792 1840 in
819 1782 915 1859 lugam
932 1798 1033 1839 versus
1052 1787 1107 1837 cst.

57 1893 63 1905 =
123 1866 283 1948 Discedens
302 1870 390 1947 igitur
408 1888 445 1927 ex
462 1866 629 1939 Antiochia,
650 1886 714 1925 cum
732 1865 922 1926 Athenodoro
949 1864 1004 1923 huo
1031 1864 1110 1923 venit

124 1954 197 2013 siout
215 1952 381 2013 audivimus.
682 2017 686 2021 Α
875 1974 879 1980 ’

165 2037 223 2099 itt.
271 2036 333 2097 lluo
353 2040 532 2118 asgothum
552 2037 698 2098 est'nobis
717 2036 847 2098 omnibus
873 2039 920 2119 qui
947 2036 1110 2117 praecessi·

124 2144 194 2195 mus,
215 2132 249 2183 ut
264 2124 377 2184 interim
396 2143 470 2184 uunc
491 2141 547 2181 nou
566 2122 726 2183 abscondas
744 2122 939 2193 Antiochiam,
961 2140 1108 2202 usquequo

123 2209 268 2269 videamus
286 2212 310 2268 si
328 2210 377 2268 illo
399 2208 567 2270 discedente
588 2210 681 2269 odium
701 2208 776 2288 qnod
795 2209 831 2268 dc
850 2219 879 2268 te
898 2208 1004 2287 populo
1023 2207 1109 2268 semi-

30 2363 33 2368 ,
123 2297 211 2364 navit,
232 2295 326 2373 aliqua
346 2313 383 2353 ex
400 2305 484 2374 parte
501 2305 651 2354 vacuetur.
701 2294 770 2353 Cum
788 2295 860 2353 hacc
885 2295 1058 2352 insinuasset
1083 2291 1109 2349 is

124 2381 171 2460 qui
191 2377 226 2438 dc
249 2377 404 2438 Antiochia
421 2391 551 2451 venerat,
574 2377 676 2441 Petrus
695 2378 857 2459 respiciens
873 2378 909 2437 ad
927 2388 1043 2458 patrem*
1056 2397 1109 2436 uo·
1187 2439 1193 2448 ,

124 2476 211 2524 strum
230 2462 286 2523 ait:
307 2461 505 2538 Faustiniano,
527 2488 544 2525 a
563 2463 681 2526 Simone
708 2484 792 2544 mago
818 2463 1037 2524 transformatus
1064 2471 1110 2522 est

123 2551 215 2609 tultus
234 2561 310 2621 tuus,
331 2551 405 2608 sicut
415 2562 553 2630 appan-atq
572 2562 675 2631 putans
686 2553 759 2611 enim
772 2549 846 2630 quod
857 2567 874 2608 a
885 2549 1010 2608 Caesare
1021 2567 1109 2628 quae-

123 2647 238 2695 reretur
256 2634 295 2694 ad'
310 2654 445 2715 poenam,
465 2637 583 2696 territus
601 2637 677 2715 lugit
695 2647 724 2695 et
743 2654 821 2695 sunm
844 2634 949 2694 vultum
977 2632 1030 2692 tibi
1057 2635 1109 2692 im-

124 2723 230 2800 posuit,
252 2722 276 2780 si
294 2723 370 2782 forte
388 2731 418 2781 tu
437 2741 490 2800 pro
510 2723 572 2800 ipso
601 2723 748 2802 capereris
776 2732 806 2780 et
832 2720 868 2779 ad
895 2731 1015 2779 montem
1043 2717 1109 2778 duci

123 2824 235 2886 posses,
256 2816 287 2866 ut
305 2806 371 2867 lillis
397 2809 453 2867 tuis
480 2809 623 2867 tristitiam
651 2818 792 2866 moveret.
849 2805 936 2865 Pater
961 2825 1032 2866 veno
1060 2805 1109 2863 ubi

123 2891 196 2950 hacc
222 2891 349 2964 audivit,
388 2913 450 2952 cum
483 2893 607 2952 lacrimis
636 2893 816 2956 exclamans:
853 2889 966 2964 llecte,
1004 2891 1106 2971 iuquit,

124 2977 279 3035 aestimasti
299 2977 397 3046 Petne,
418 2995 481 3036 nanu
501 2988 531 3036 et
547 2974 685 3036 Anuhion
705 2979 770 3058 quia
796 2975 863 3035 mihi
889 2976 973 3035 valde
1000 2978 1108 3034 amicus

124 3071 197 3132 erat,
219 3061 270 3119 sub
288 3063 426 3140 mysterio
446 3059 566 3140 quodam
586 3062 653 3120 mihi
671 3059 800 3120 iudicare
819 3071 957 3139 coeperat
984 3057 1021 3119 de
1039 3061 1109 3118 insi·

125 3145 178 3204 diis
206 3146 282 3216 eius,
312 3145 363 3204 scd
390 3146 491 3206 inlellx
518 3165 574 3205 uon
593 3145 767 3220 credebam,
798 3140 863 3226 quia
890 3146 961 3204 nihil
987 3146 1017 3203 in
1044 3162 1109 3204 eum

125 3231 322 3290 commiseram
341 3233 417 3290 mali.

165 3313 222 3374 57.
270 3316 395 3396 Cumque
414 3334 512 3377 omnes
533 3339 586 3378 una
605 3338 667 3378 cum
686 3329 768 3399 patre
787 3317 903 3378 tristitia
930 3326 960 3375 et
981 3316 1108 3374 lacrimis

123 3419 288 3478 ageremur,
309 3401 420 3462 interca
440 3414 469 3461 et
486 3403 619 3463 Anubiou
637 3406 717 3464 venit
735 3403 772 3464 ad
790 3423 857 3474 nos,
878 3402 1007 3462 iudicans
1027 3401 1108 3460 nohis

125 3485 272 3546 Simonem
288 3488 396 3565 fugisse
414 3499 611 3568 pernoctem,
633 3487 766 3550 Iudaeam
793 3499 951 3568 petentem.
997 3485 1109 3546 Videns

123 3581 216 3630 autem
235 3583 345 3651 patrem
365 3585 490 3633 nostrum
518 3575 701 3656 plangentem
730 3586 760 3634 et
786 3576 986 3634 lamentantem
1014 3592 1046 3631 sc
1074 3591 1109 3630 ac

124 3654 283 3718 dicentem:
304 3657 453 3718 lufclicem
472 3679 529 3732 me,
551 3662 679 3740 quicum
700 3679 811 3740 magum
832 3659 951 3720 audieus
969 3677 1026 3716 uon
1043 3676 1109 3717 cre·

124 3741 241 3816 deham3
262 3743 329 3822 quid
347 3745 538 3806 mlhi‘misero
557 3746 675 3817 accidit,
697 3757 728 3804 ut
745 3767 801 3805 una
820 3744 866 3804 die
885 3741 1109 3822 recognitus‘ah

122 3839 213 3887 uxore
233 3839 263 3886 et
281 3825 358 3901 filiis,
379 3830 482 3890 laetari
499 3851 557 3890 non
576 3833 719 3911 potuerim
739 3851 802 3890 oum
822 3830 876 3901 eis,
898 3827 950 3888 sed
969 3826 1006 3886 a'd
1029 3829 1110 3906 prin:

58 3983 62 3988 Ι
123 3925 173 3972 res
188 3913 320 3974 miserias
335 3917 454 3994 quasin
472 3929 575 3976 errore
592 3916 714 3996 pertuli,
743 3915 897 3976 revolutus
918 3916 991 3974 simi
1014 3909 1109 3974 blaten

855 4002 897 4061 17
