2634 4400
595 245 637 304 81

122 459 234 508 vocare
253 442 416 518 didicimus,
438 449 491 506 hoc
511 443 608 528 ip'sum
620 469 692 528 ergo
712 469 819 511 vocare
838 461 868 510 ct
894 452 1057 530 genituram
1079 463 1111 514 et
1177 484 1181 496 =

122 525 265 592 iacturam
294 544 324 594 et
348 535 459 612 reliqua
477 533 577 592 horum
603 533 820 607 uocabulorum,
848 535 918 595 illud
944 536 1021 616 quod
1046 540 1110 598 sine

122 619 270 678 schemate
289 629 403 677 constat
421 619 562 695 genitoris
578 621 737 700 specimen,
749 639 860 698 ponere
868 622 1018 699 permittit
1030 623 1108 696 Qui-

122 703 176 762 bus
194 704 269 762 enim
289 713 334 761 est
352 701 517 762 differentia
538 704 735 775 schematum,
760 705 800 764 io
816 707 886 784 ipsis
912 724 1035 768 necesse
1063 719 1109 767 est
1134 769 1136 776 ,

123 785 304 846 observanda
332 789 465 865 genitura
490 798 522 845 et
547 788 672 848 factura
725 748 872 849 ιιιιιιιιιιιο
908 810 981 869 ergo
1008 793 1109 870 genuit

123 873 207 943 tleus,
228 892 284 934 noa
303 892 403 950 passus
426 871 595 932 divisionem
622 874 756 952 aliquamt
805 866 872 934 Non
891 877 966 936 enim
983 877 1108 950 bonora-

122 957 206 1015 bilius
225 967 270 1015 est
288 955 344 1015 deo
363 968 392 1016 et
410 957 465 1016 boc
485 957 616 1034 ingenito
636 959 703 1021 iilud
722 958 798 1038 quod
815 971 878 1032 est,
898 980 935 1020 eo
945 941 1030 1041 quod
1048 980 1107 1022 non

122 1053 169 1100 est
186 1043 266 1100 velut
283 1043 421 1118 genitura.
469 1042 577 1102 Volens
597 1043 673 1102 enim
692 1065 749 1102 nou
767 1043 877 1103 tardam
905 1035 1003 1104 babuit
1018 1046 1109 1105 virtu-

122 1138 181 1184 tem
209 1123 244 1186 ad
273 1125 348 1204 quod
374 1127 474 1198 voluit,
502 1146 558 1186 uec
586 1131 713 1188 excessit
734 1130 824 1188 virtus
841 1131 1035 1214 voluntatem3
1054 1128 1108 1190 sed

121 1209 277 1270 seeundum
293 1231 471 1282 mensuram,
492 1213 602 1291 qualem
624 1214 726 1284 voluit,
746 1215 833 1272 talem
860 1226 890 1274 et
916 1205 1028 1297 genuit
1073 1214 1108 1274 Si

122 1295 369 1366 commanendo,
391 1316 446 1354 noa
466 1296 614 1374 patiendo,
635 1301 804 1358 necessitati
823 1290 1022 1359 crassitudinis
1039 1316 1109 1360 cor·

121 1400 194 1459 pora
212 1381 368 1441 servientia
385 1380 498 1443 umbras
517 1392 632 1440 exstare
651 1383 773 1454 iaciunt,
793 1395 899 1462 quanto
918 1386 1010 1462 magis
1022 1385 1112 1462 ἰιιςιιὲ

121 1467 200 1524 nitae
218 1465 316 1524 virtuti
334 1465 554 1550 subsequentem
573 1464 672 1524 demus
692 1465 874 1567 Unigenitum
882 1469 1031 1528 volontate
1039 1489 1107 1546 pro·

122 1549 286 1609 cedentem.
341 1543 432 1608 Sicuti
459 1561 553 1608 nutem
580 1569 679 1610 rursus
704 1544 975 1630 praeintelliguntur
999 1552 1106 1612 umbris

122 1653 257 1734 corpora,
287 1637 326 1695 ita
353 1645 384 1694 et
407 1635 470 1734 plus
496 1636 738 1713 praeintelligitur
755 1647 787 1696 et
803 1638 932 1714 ingenita
948 1636 1108 1698 substantia

122 1721 256 1796 genitae,
285 1723 371 1780 etiam
391 1721 415 1778 si
434 1737 471 1778 ex
489 1739 525 1778 eo
545 1719 713 1798 quoderat,
741 1733 773 1779 ut
791 1733 870 1787 esset
887 1723 1012 1801 accepit.
1059 1720 1107 1780 ld-

122 1807 204 1864 eirco
223 1805 312 1880 igitur
330 1819 398 1863 rere
418 1815 447 1862 et
465 1806 597 1882 genitura
625 1817 655 1864 et
681 1799 801 1867 lactura
816 1817 846 1865 et
875 1817 1011 1866 creatura
1027 1825 1107 1866 corn-

121 1899 257 1968 petentcr
283 1883 461 1969 appellatur,
491 1891 556 1968 quia
583 1889 741 1949 substantia
767 1911 825 1948 uon
851 1902 898 1950 est
929 1891 1116 1970 lngenitum,

121 1974 235 2032 Memor
253 1987 312 2034 sum
332 1994 401 2033 saue
420 1972 564 2036 Simonem
583 1992 738 2034 accusasse
755 1995 808 2034 nos
835 1974 1040 2054 blasphemiae,
1069 1995 1106 2036 eo
1128 1979 1131 1986 '

122 2057 198 2136 quod
217 2057 379 2118 diceremus
406 2057 492 2118 lilium
520 2057 567 2117 dei
595 2059 749 2131 Christum,
776 2071 919 2139 umquam
946 2060 1107 2120 bominibus

122 2155 153 2202 et
170 2143 429 2229 plantationibus
412 2141 495 2203 deum
518 2154 691 2223 aequantem
720 2164 771 2205 ros
796 2165 867 2205 vero
895 2165 932 2205 ex
958 2143 1106 2208 desiderio

121 2228 237 2287 discere
255 2222 402 2289 festinate.

164 2312 198 2371 9.
245 2308 379 2373 Omnibus
397 2324 491 2373 autem
509 2261 832 2376 libenteradnuerltibus
850 2306 1022 2379 aitPetrus:
1042 2292 1109 2383 bla-¹
1214 2346 1218 2354 ·

122 2400 228 2457 uilesta
255 2410 300 2458 est
325 2400 407 2458 buius
434 2390 643 2457 incredulitatis
670 2400 727 2468 via,
756 2420 775 2457 o
800 2399 905 2477 Aquila
932 2410 963 2459 et
980 2401 1102 2459 caeteri.

121 2484 177 2556 Qui
205 2485 297 2541 Ιιιιιιιιι
305 2504 356 2563 pro
384 2493 467 2543 certo
494 2484 647 2553 nescierit,
668 2484 831 2562 opinionem
849 2494 944 2546 autem
960 2482 1107 2563 usquead

121 2566 246 2628 auditum
266 2570 438 2647 susceperit,
460 2566 583 2627 credere
601 2568 695 2639 timet,
720 2584 782 2628 cum
801 2561 887 2627 lacile
905 2569 996 2646 possit
1015 2586 1110 2639 exea-¹

121 2652 263 2713 sationem
281 2654 368 2733 ipsius
387 2650 596 2714 incredulitatis
614 2672 631 2711 a
649 2672 681 2711 se
700 2653 828 2713 abiicere
846 2672 915 2732 prae
925 2651 1105 2732 gandioe'ius

123 2736 200 2817 quod
230 2740 423 2816 promittitur,
453 2749 592 2797 assumtus
622 2738 768 2816 publicare
795 2739 870 2798 illam
889 2758 1000 2821 quam
1007 2738 1132 2797 babuit

122 2822 159 2881 de
192 2840 228 2881 eo
256 2822 332 2901 quod
359 2825 505 2902 quaeritur
531 2823 777 2895 incredulitatem,
798 2813 955 2901 eupiditate
974 2815 1111 2893 discendi}
1210 2891 1213 2908 Ι

121 2928 180 2965 nou
199 2906 318 2981 dubitat
365 2907 451 2966 Sed
443 2928 472 2967 ιιι
491 2905 618 2967 seeundo
638 2906 674 2969 de
693 2909 747 2967 bae
765 2928 798 2967 ro
816 2927 925 2980 sermo,
943 2906 1110 3008 camundo,

121 2978 291 3051 abstrahens
309 3006 360 3050 vos
379 2993 490 3051 ineerta
508 2991 575 3051 lidei
594 3012 660 3071 spes
679 2992 842 3072 excipiatur
866 2990 1022 3070 prolide
1013 3012 1043 3051 ra
1060 2995 1104 3051 iu·

121 3078 314 3176 quisitionem.
362 3075 472 3153 Ubique
498 3087 592 3135 autem
619 3079 800 3153 praeferatur
825 3076 908 3134 nobis
926 3075 997 3156 deus
1019 3075 1104 3135 etde

121 3164 184 3240 ipso
204 3160 360 3236 cogitatus
408 3159 488 3217 Ultro
516 3159 687 3219 inviolabilis
714 3170 829 3218 exstans
856 3158 953 3217 deus
945 3157 1124 3237 ungenitus,¹
1177 3211 1183 3224 .

121 3246 378 3325 operationemque
404 3238 551 3303 voluntate
582 3244 767 3323 virginaliter
801 3241 966 3303 custodivit,
1021 3242 1104 3316 Quod

121 3342 218 3390 autem
246 3349 302 3387 nou
330 3339 375 3388 est
402 3328 574 3406 lngeaitum,
603 3328 680 3387 ultro
705 3329 789 3405 virgo
816 3345 882 3387 esse
909 3348 967 3390 non
992 3338 1102 3408 potest.

121 3416 238 3473 Factum
258 3425 303 3472 est
321 3416 408 3484 enim,
428 3424 568 3491 tamquam
587 3412 638 3472 sub
657 3424 764 3473 tactum
781 3406 923 3491 genitoris
940 3424 971 3472 et
983 3414 1103 3493 lactoris
1123 3469 1130 3480 ,

121 3498 286 3559 adductum.
332 3498 515 3597 Intelligatur
532 3509 625 3559 autem
645 3499 768 3581 qualiter
785 3496 867 3557 deum
887 3493 985 3557 decuit
994 3498 1103 3577 Unige-

83 3658 86 3661 Ι
121 3586 209 3643 nitum
230 3602 373 3660 generare
392 3595 422 3642 et
440 3584 658 3683 primogenitum
678 3584 769 3641 omnis
788 3593 956 3654 creaturae,
974 3581 1103 3641 sednon

122 3688 204 3747 quasa
214 3688 252 3727 en
265 3669 385 3745 aliquo3
398 3669 470 3727 haec
489 3668 563 3726 enim
574 3668 762 3727 animantium
781 3678 812 3725 et
829 3668 1039 3737 inanimantium
1059 3677 1104 3728 est

121 3753 256 3811 seruitus.
303 3752 363 3810 Sed
382 3772 435 3811 nec
454 3754 483 3810 in
503 3754 700 3829 operationem
718 3753 837 3810 veniens
855 3753 917 3829 ipse
935 3752 978 3810 sui
996 3751 1117 3829 aliquid

123 3838 241 3914 genuit,
260 3857 316 3895 non
336 3839 410 3897 eninr
429 3847 559 3897 maneret
575 3837 747 3899 inviolabilis
766 3848 796 3895 et
814 3835 1011 3913 impassibilis,
1031 3855 1103 3913 ope-

869 3917 890 3977 6
