2634 4400
581 303 642 364 tlt

510 397 723 416 -r--ff-

122 509 210 572 dicite
233 509 264 568 Si
284 508 399 568 nolebat
417 508 489 567 haec
508 527 573 568 ossc
593 507 675 580 deos,
696 510 794 588 ntiqne
813 527 869 570 non
884 512 978 570 erant.
1024 508 1106 571 Non·

122 597 188 654 dum
207 590 288 654 voltis
307 593 384 666 dieo,
406 593 547 671 quomodo
566 593 601 652 ad
616 594 836 674 uniuscuiusque
848 596 1106 674 meotisprobatio·

122 701 189 740 nem
208 683 236 738 in
260 678 439 738 boemundo
456 680 657 756 permittuntur
675 698 740 737 esse
758 680 846 737 multa
863 683 1024 754 contraria3
1042 682 1107 756 scd

122 765 193 824 illud
212 776 256 823 est
274 763 349 842 qnod
368 781 441 822 nunc
460 764 572 822 interim
592 765 728 822 convenit
746 763 819 834 dici,
840 764 1035 823 sisenandum
1054 787 1106 824 vos

123 869 208 908 omne
220 847 292 928 qnod
305 847 478 907 adorandum
498 859 561 907 erat
579 865 649 907 esse
662 867 719 905 uon
732 847 847 920 debuit,
867 849 936 907 nihil
955 869 1047 929 paene
1062 852 1106 908 ln·-
1211 891 1221 908 .

123 946 217 994 turum
236 945 299 992 crat
317 935 345 991 in
365 933 419 992 hoc
438 931 553 992 inundo.
601 932 675 1006 Quid
693 935 769 992 enim
788 945 833 992 cst
850 934 927 1013 qood
936 935 1103 1013 reliquistis,

124 1018 201 1098 quod
220 1017 454 1078 tronadorastis‘t
473 1019 573 1088 solem,
594 1019 698 1090 ltrnnm,
719 1019 828 1091 stellas,
849 1037 965 1098 aquam,
986 1031 1104 1091 terram,

122 1115 248 1175 montes,
269 1104 401 1174 arbores,
423 1102 542 1180 lapides,
563 1103 708 1173 immines,
736 1104 806 1166 nihil
832 1104 931 1162 horum
959 1115 1004 1163 est
1031 1105 1106 1184 qnod

123 1207 181 1247 non
209 1187 362 1246 adorastis.
409 1187 542 1266 Oportuit
569 1207 641 1266 ergo
668 1189 748 1246 iuxta
774 1207 876 1247 vocem
893 1200 1018 1248 vestram
1036 1190 1106 1257 nihil

123 1275 230 1332 horum
244 1273 306 1331 lieri
325 1278 342 1332 a
361 1270 432 1344 deo,
448 1292 486 1331 ne
505 1274 650 1354 haberetis
669 1271 743 1350 qood
757 1275 881 1352 possetis
895 1273 1034 1347 adorare,
1054 1273 1106 1333 scd

124 1359 161 1416 ne
190 1358 319 1416 homines
347 1356 459 1436 quidem
487 1358 564 1436 ipsos
591 1376 657 1416 csse
686 1359 829 1434 oportuit,
863 1360 910 1437 qui
937 1357 1103 1417 adorarent.

123 1443 270 1502 Verelmc
285 1454 330 1502 est
347 1442 423 1522 quod
442 1441 589 1502 desiderat
606 1443 654 1500 ille
674 1443 721 1520 qui
739 1443 816 1500 intra
832 1462 886 1500 vos
893 1443 965 1500 latet
973 1463 1105 1522 serpens,

123 1528 194 1586 nulli
211 1539 336 1588 vestrum
347 1517 460 1606 'por-cit,
481 1527 584 1586 nullum
603 1527 662 1586 vult
679 1525 810 1604 elingere
828 1524 866 1585 de
892 1527 1025 1600 interitu3
1055 1527 1107 1586 sed

124 1633 182 1672 nou
200 1613 241 1671 ita
259 1615 326 1671 crit.
372 1611 479 1671 Audite
497 1614 584 1683 enim,
605 1613 745 1690 quianon
772 1609 911 1691 delinquit
936 1611 1005 1671 illud
1032 1613 1107 1690 quod

123 1696 272 1769 adoratur,
284 1697 335 1756 sed
346 1697 394 1756 illc
405 1699 451 1776 qui
462 1697 574 1757 adorat.
586 1697 691 1756 lustum
702 1717 823 1776 namque
833 1688 1054 1776 estapud'deum
1064 1699 1108 1756 iu·

125 1782 243 1855 dicium,
255 1793 284 1842 et
296 1783 381 1842 aliter
390 1784 519 1842 iniuriam
530 1783 685 1861 patientem
696 1782 815 1853 iudicat,
826 1784 912 1841 aliter
921 1783 1104 1843 inferentem.

168 1867 224 1928 titt.
273 1866 334 1926 Sed
359 1866 442 1939 dicis,
472 1867 624 1948 oportebat
650 1887 723 1946 ergo
749 1887 801 1926 eos
820 1866 1014 1946 quiadorant
1031 1867 1108 1947 qnod

125 1974 184 2012 non
203 1955 272 2012 licet
290 1951 416 2024 adorari,
437 1955 530 2012 statim
549 1953 651 2031 perimi
670 1951 773 2022 adeo,
794 1972 831 2012 ne
851 1963 881 2013 et
896 1955 969 2012 olins
990 1955 1045 2013 hoc
1064 1955 1107 2012 la-

125 2049 220 2097 ceret.
268 2037 325 2096 Sed
345 2057 439 2097 nonno
459 2057 491 2111 es
509 2050 538 2097 tn
556 2036 727 2117 prudentior
744 2037 812 2109 deo,
829 2049 863 2098 ut
873 2040 900 2098 ei
911 2041 1030 2098 consilia
1040 2058 1108 2116 sug·

126 2127 233 2203 geras?
250 2125 306 2182 seit
324 2123 373 2183 ille
391 2122 457 2203 quid
476 2125 573 2184 iaciat.
601 2171 604 2178 .
621 2123 756 2184 Omnibus
775 2125 880 2182 etenim
898 2125 927 2182 in
945 2125 1108 2202 ignorantia

125 2211 229 2289 positis
247 2210 411 2287 patientiam
430 2220 568 2288 praestat,
589 2211 654 2288 quia
673 2210 839 2267 miserieors
861 2220 891 2269 et
916 2211 980 2287 pins
998 2219 1054 2278 est,
1079 2220 1109 2266 et

125 2292 287 2374 praevidet,
309 2294 373 2373 quia
392 2314 429 2354 ex
446 2296 541 2373 impiis
559 2295 638 2353 multi
657 2293 822 2351 efficientur
839 2290 905 2371 pii,⁰
919 2304 950 2350 et
975 2312 1019 2351 ex*
1038 2294 1108 2371 ipsis
1134 2339 1138 2347 .

125 2382 175 2458 qui
194 2380 303 2458 impura
326 2381 461 2457 figmenta
479 2390 509 2438 et
526 2374 648 2457 pollutas
666 2379 806 2455 imagines
823 2388 1012 2447 venerantur,
1036 2397 1109 2435 non-

126 2465 196 2523 nulli
216 2467 347 2525 conversi
365 2464 401 2523 ad
421 2463 515 2536 deum,
537 2475 567 2522 et
584 2472 756 2523 revocantes
774 2465 1109 2541 seapeccatisetagen-

126 2560 172 2607 tes
191 2550 265 2609 lona
284 2570 384 2629 opera,
404 2552 573 2629 perveniunt
591 2548 768 2607 adsalutem.
816 2546 876 2607 Sed
885 2547 1044 2619 debuimus,
1064 2549 1109 2605 in-

128 2635 208 2711 quit,
231 2638 345 2694 omnino
372 2654 428 2694 nee
454 2634 491 2694 ad
517 2636 724 2711 cogitationem
751 2634 832 2691 istam
850 2633 967 2704 venire,
986 2644 1018 2692 nt
1035 2633 1108 2691 haec

126 2720 300 2779 laceremus.
349 2721 492 2799 lgnoratis
520 2719 586 2799 quid
618 2728 663 2779 cst
689 2717 807 2777 libertas
834 2719 1021 2791 arbitrii,.·et
1039 2719 1109 2777 latet

125 2824 179 2863 vos
199 2807 263 2883 quia
282 2807 330 2864 ille
348 2826 421 2865 vere
437 2805 528 2864 honos
547 2816 602 2875 eet,
624 2805 670 2883 qui
689 2824 741 2861 suo
760 2804 909 2881 proposito
928 2804 1019 2863 bonus
1042 2815 1106 2875 θεῖς

126 2892 175 2966 qui
202 2900 295 2951 autem
315 2893 488 2949 necessitate
506 2892 648 2950 retinetur
665 2890 693 2946 in
713 2888 800 2960 bono,
820 2888 911 2947 loeus
937 2910 994 2947 non
1013 2899 1118 2968 petest=

126 2974 198 3044 dici,
220 2976 360 3051 quianon
380 2986 424 3033 est
441 2994 520 3033 soum
539 2974 613 3053 quod
633 2984 688 3033 est.
714 2974 786 3046 Quia
804 2993 876 3051 ergo
891 2975 921 3031 in
937 2993 1109 3052 unoquoque
1166 3033 1170 3048 ,

125 3058 247 3117 libertas
267 3068 311 3115 est
328 3059 356 3114 in
376 3059 520 3117 electione
547 3058 686 3117 honorum
712 3058 758 3116 vel
785 3058 936 3128 malorum,
966 3061 1029 3136 ipse
1055 3058 1110 3115 sibi

124 3142 173 3201 ecl
193 3142 319 3219 praemia
346 3142 390 3199 vel
417 3144 560 3201 interitum
589 3144 711 3221 quaerit.
758 3142 834 3212 lmo,
854 3144 956 3219 inquit,
976 3142 1109 3222 quicquid
1153 3163 1155 3166 ·

128 3227 300 3303 cogitamus,
322 3225 392 3285 deus
411 3226 492 3285 nolis
511 3226 627 3287 adducit
644 3226 679 3286 ad
698 3239 833 3287 mentem.
881 3227 955 3299 Quid
981 3230 1068 3302 agitis
1091 3249 1109 3286 o

127 3313 277 3370 homines?
296 3310 498 3389 blasphematis
507 3336 524 3385 ς·
535 3314 558 3371 si
578 3314 651 3373 enim
672 3332 755 3373 omne
766 3312 840 3391 quod
855 3314 1025 3386 cogitamus,
1046 3314 1108 3391 ipse
1136 3349 1140 3355 =

128 3396 211 3455 nobis
238 3394 355 3457 adducit
381 3396 416 3456 ad
445 3394 592 3470 mentem,
615 3399 679 3476 ipse
707 3418 779 3475 ergo
807 3398 889 3457 nobis
916 3400 1109 3476 cogitationes

129 3480 263 3540 adulterii
282 3484 428 3561 suggerit,
450 3494 479 3542 et
497 3484 649 3553 curardiae,
672 3494 702 3542 et
727 3484 931 3561 blasphemiae,
958 3485 1108 3562 ‚omnisque

128 3566 276 3625 luxuriae?
296 3563 427 3627 Desinite
445 3586 550 3646 qtracso
569 3568 603 3626 ab
623 3567 780 3627 huiusmodi
801 3569 993 3647 blasphemiis,
1014 3580 1044 3627 et
1062 3569 1109 3645 qui

128 3652 166 3709 sit
185 3648 239 3709 deo
268 3650 369 3729 dignus
396 3653 489 3712 honor
515 3653 693 3729 intelligite.‘
726 3652 789 3711 Nee
816 3653 930 3723 dicatis,
959 3664 990 3710 nt
1016 3653 1111 3709 solent

131 3733 242 3813 quidam
261 3748 396 3808 vestrum,
422 3740 487 3816 quia
506 3736 575 3796 deus
594 3739 752 3797 mortalium
772 3738 883 3797 honore
910 3758 966 3794 non
984 3736 1107 3813 indiget.

130 3819 181 3877 llle
201 3819 312 3899 quidem
331 3840 400 3880 vere
420 3823 520 3881 nullius
539 3819 660 3901 indiget,
681 3821 732 3881 sed
750 3821 1107 3898 vosdebetisagao'scere,

129 3905 196 3982 qnia
214 3905 295 3963 vobis
313 3906 433 3985 prodest
450 3908 643 3987 honor'quem
671 3907 727 3967 deo
755 3906 886 3967 defertis.
933 3904 1007 3979 Quid
1033 3908 1109 3965 euim
