2634 4400
669 257 714 318 ut

586 353 660 362 ..μ-..-
669 353 799 362 ‚mm

205 467 252 530 dio
275 477 331 526 stat
358 459 468 536 Simon,
496 463 728 546 persuasionibus
754 465 884 542 pessimis
911 466 1082 541 praeuenire
1099 485 1190 524 aures

205 553 299 634 populi
319 553 448 629 cupiens.
495 549 532 608 lit
550 548 651 608 Petrus
674 551 767 608 statim
796 567 933 624 egressus
955 551 1036 607 stetit
1062 551 1091 606 in
1118 552 1189 608 loco

205 659 260 718 quo
279 635 370 715 pridie
394 635 601 718 disputaverat,
630 635 777 712 oninisqnc
799 633 836 690 ad
862 635 953 710 ipsum
975 635 1097 712 popalus
1115 655 1189 692 con·

205 743 304 782 uersus
332 739 393 778 cum
419 718 522 797 gaudio
541 717 710 778 intendebat
735 719 765 776 in
791 737 866 776 eunt.
914 717 1012 776 Simon
1039 738 1111 777 vere
1138 720 1189 777 ubi

205 808 296 868 sensit
313 808 438 884 gavisum
458 823 522 862 esse
542 801 730 882 populumde
748 813 905 882 conspectu
934 803 1029 874 Petri,
1058 815 1088 862 et
1115 823 1205 880 erga,

205 893 337 952 allectum
365 891 427 948 eius
454 889 573 959 moueri,
603 888 817 964 obstupefactus
842 889 898 945 aits
926 888 1019 946 Miror
1044 888 1190 946 bominum

205 977 364 1044 stultitiam,
394 975 440 1051 qui
460 992 504 1031 ure
523 991 634 1050 magum
654 971 752 1030 dicuat
770 983 799 1031 et
819 972 932 1031 Petrum
961 972 1093 1049 diligunt,
1124 993 1189 1030 cum

205 1063 303 1137 utique
323 1059 388 1116 olim
409 1056 548 1115 habentes
566 1057 696 1114 notitiam
715 1058 781 1128 ntei,
811 1077 856 1116 me
884 1058 974 1133 magis
991 1056 1117 1133 diligere
1137 1056 1190 1114 de-

205 1145 319 1204 berent.
348 1142 404 1198 -lit
421 1140 487 1200 ideo
507 1161 542 1200 ex
561 1141 615 1200 hoc
634 1140 753 1210 indicio,
767 1144 829 1220 ·qni
851 1139 958 1200 babent
974 1161 1100 1212 sensum,
1121 1161 1190 1220 pos-

113 1275 117 1282 ,
207 1239 272 1288 sunt
290 1227 464 1304 intelligere,
486 1227 551 1304 quia
569 1227 659 1302 magis
676 1225 780 1284 Petrus
789 1246 889 1303 magus
899 1225 989 1285 videri
999 1237 1107 1304 potest,
1125 1246 1190 1284 cum

206 1312 286 1382 mibi,
306 1312 352 1370 eui
375 1329 412 1370 ex
439 1309 646 1368 consuetudine
674 1308 786 1367 debitus
813 1309 1017 1388 propemodum
1044 1322 1102 1382 est,
1132 1331 1190 1368 non

207 1395 337 1456 defertor
354 1396 484 1466 allectus,
513 1396 554 1453 illi
572 1405 678 1465 autem,
707 1395 754 1453 cni
771 1395 848 1453 nullo
866 1415 918 1454 usu
937 1379 1069 1466 debetur,
1099 1396 1192 1453 abun

207 1482 309 1541 denter
326 1479 508 1559 expenditur.

251 1567 306 1626 15.
352 1565 390 1624 Et
408 1585 471 1624 eum
490 1565 575 1624 nndta
593 1563 788 1623 huiuscemodi
808 1564 905 1623 Simon
925 1563 1057 1635 diceret,
1086 1563 1193 1623 Petras

208 1653 328 1711 salutato
348 1669 385 1708 ex
403 1669 483 1708 more
502 1650 608 1727 populo
626 1650 665 1707 ita
688 1649 852 1727 respondit:
882 1649 998 1708 Sufficit
1024 1651 1190 1727 unicuique,

209 1759 226 1796 o
246 1736 356 1804 Simon,
377 1733 413 1791 ad
432 1733 634 1792 confutandum
652 1735 832 1801 conscientie
849 1755 915 1805 sua3
936 1733 1049 1812 quodsi
1068 1734 1124 1791 boc
1138 1736 1192 1792 mi*

191 1823 298 1890 ¹raris,
329 1817 405 1895 quod
423 1819 483 1902 noti
502 1839 557 1876 non
577 1819 667 1876 solum
686 1828 715 1876 te
734 1839 790 1876 non
809 1817 932 1895 diligunt
949 1818 1002 1877 sed
1019 1829 1050 1877 et
1068 1818 1193 1877 edcrnnt

210 1905 261 1974 tui,
282 1923 410 1983 caussam
429 1902 508 1960 disce
527 1923 544 1960 a
561 1922 619 1961 me.
666 1903 736 1962 Cum
753 1904 802 1960 sis
816 1903 971 1972 seductor,
992 1905 1144 1976 veritatem
1163 1915 1192 1961 te

209 1985 379 2068 praedicare
397 1977 554 2064 profiteris,
584 1985 702 2044 oh‘boc
729 1988 827 2066 piures
853 1986 1025 2046 desiderium
1053 1989 1193 2064 'gerentes

210 2069 365 2130 discendae
384 2072 513 2130 veritatis
531 2071 638 2129 amicos
658 2071 791 2129 habuisti.
838 2071 898 2130 Sed
925 2073 953 2130 bi
976 2071 1023 2130 ubi
1046 2071 1193 2130 contiaria

210 2159 239 2216 in
266 2167 295 2215 te
323 2176 402 2236 quam
431 2155 612 2235 profitebaris
639 2153 782 2227 viderunt,
803 2158 869 2235 quia
885 2168 1029 2215 amatores
1047 2167 1142 2227 erent,
1162 2169 1195 2216 ut

211 2241 280 2313 dixi,
309 2244 451 2313 veritatis,
480 2262 537 2299 non
564 2241 655 2299 solum
681 2261 738 2300 non
766 2240 954 2318 diligerem,
973 2237 1027 2301 sed
1045 2242 1193 2301 etodisse
1288 2244 1291 2251 '

211 2324 381 2406 coeperunt.
427 2325 493 2385 Non
512 2337 605 2385 autem
625 2327 718 2385 statim
737 2326 773 2385 ab
791 2328 834 2384 eis
852 2326 984 2385 desertus
1002 2346 1046 2397 es,
1067 2329 1193 2404 quiavel

146 2404 148 2417 ’
210 2412 394 2493 pollicebaris
412 2409 504 2471 adbuc
521 2423 551 2469 te
570 2412 613 2470 eis
631 2410 788 2469 ostendere
805 2431 902 2489 posse,
924 2409 999 2489 quod
1017 2431 1115 2470 verum
1135 2423 1192 2471 est.

210 2498 311 2557 Donec
330 2516 403 2573 erge
422 2496 544 2554 nondum
562 2493 664 2553 aderat
681 2497 728 2573 qui
746 2506 846 2574 posset
865 2495 1019 2555 ostendere
1042 2497 1195 2573 patieban-

212 2593 257 2640 tur
274 2593 315 2652 tc,
336 2581 385 2639 u'bi
400 2599 472 2638 vero
490 2599 555 2658 spes
574 2581 616 2637 eis
636 2577 785 2638 doctrinae
804 2581 930 2639 melioris
949 2579 1061 2650 adrisit,
1084 2592 1113 2639 te
1124 2601 1195 2638 con·

212 2677 373 2724 temnentes
392 2662 467 2741 quod
486 2664 585 2721 melius
603 2664 766 2740 intelligunt
784 2684 870 2723 nosse
889 2663 1066 2723 desiderant.
1115 2665 1152 2723 Et
1165 2676 1195 2723 tn

213 2750 325 2829 quidem
344 2749 462 2807 nefariis
484 2746 594 2805 artibus
611 2748 714 2823 agens,
732 2748 768 2805 ab
787 2747 908 2807 exordio
935 2750 1027 2807 latere
1054 2759 1084 2807 te
1108 2769 1196 2827 posse

213 2832 374 2903 credidisti,
395 2830 447 2889 sed
466 2850 523 2888 non
542 2831 630 2901 lates,
650 2833 764 2907 urgeris
782 2834 857 2890 enim
876 2844 906 2892 ct
923 2844 1026 2891 contra
1044 2853 1124 2911 spem
1143 2855 1196 2912 pu·

212 2918 339 2985 bimaris,
361 2916 425 2993 quia
444 2933 500 2973 non
519 2914 609 2971 solum
627 2915 768 2991 ignorasti
782 2919 945 2989 veritatem,
965 2916 1016 2975 sed
1027 2937 1085 2977 nec
1093 2917 1196 2977 audire

212 3001 326 3060 voluisti
345 2999 380 3057 ab
400 3000 442 3057 bis
461 2999 506 3077 qui
527 3016 589 3056 cam
608 2998 750 3058 sciebant.
797 3000 829 3058 Si
845 3003 917 3059 enim
928 3000 1029 3060 audire
1038 3004 1195 3073 voluisses,

214 3085 384 3143 innotuisset
399 3085 499 3165 utiquc
511 3082 568 3141 ‘tihi
586 3084 634 3142 ille
653 3103 748 3143 serino
767 3086 830 3143 eius
848 3088 894 3163 qui
912 3087 968 3161 eit,
988 3086 1099 3163 qnia1)
1125 3088 1197 3145 nibil

183 3192 185 3199 ·
214 3180 259 3227 est
278 3169 420 3227 occultum
447 3168 605 3247 quod.non
632 3180 820 3247 agnoscetur,
847 3188 941 3247 neque
968 3182 1099 3249 opertum
1119 3170 1199 3249 qnod

214 3272 272 3311 non
290 3254 446 3311 reveletur.
619 3286 621 3289 ·
666 3317 670 3323 ,
1015 3284 1019 3290 ‚

259 3334 312 3395 Μ.
360 3338 550 3401 Haemetbis
568 3338 671 3396 similia
689 3336 804 3395 dicente
823 3337 922 3408 Petro,
947 3339 1046 3397 Simon
1072 3352 1198 3419 respon·

215 3421 271 3480 dit:
292 3420 368 3480 Nolo
387 3441 432 3479 me
451 3422 545 3479 verbis
564 3438 690 3498 occupes
709 3419 806 3491 Petre,
831 3433 933 3499 repeto
951 3424 1003 3480 abs
1021 3426 1199 3501 tequaebc-

215 3516 314 3565 sterno
332 3507 527 3584 promiseras,
549 3504 666 3562 dicebas
685 3506 760 3562 enim
782 3504 938 3565 ostendere
956 3518 986 3564 te
1008 3525 1108 3584 posse,
1130 3512 1199 3587 quia

215 3591 263 3649 lex
282 3588 387 3649 doceat
405 3588 447 3649 de,
460 3590 649 3648 immensitate
666 3589 740 3646 lucis
757 3590 906 3660 aeternae,
927 3601 958 3649 ct
975 3589 1050 3667 quod
1065 3589 1200 3651 ductan-

216 3686 272 3733 tum
291 3678 348 3735 sint
366 3674 441 3731 coeli
460 3684 489 3733 ct
508 3674 562 3750 ipsi
581 3673 684 3745 creati,
713 3671 765 3731 sed
792 3675 923 3750 superius
945 3693 1011 3732 esse
1028 3676 1102 3733 lucis
1120 3678 1199 3737 illius

253 3860 278 3920 ¹)
296 3856 387 3905 Mettis.
405 3862 447 3917 tu,
465 3858 505 3903 26.
