2634 4400
613 266 654 335 'td

141 475 227 563 pheta
253 475 449 552 didic'eeit31)
480 479 546 558 qnia
573 469 648 539 ‘sicut
669 480 732 557 ipso
749 479 833 560 panto
851 491 918 539 ante
936 473 1125 550 memoratas,

142 566 215 626 tides
242 579 337 624 rerum
365 577 585 644 eaussarumque
612 565 790 643 sententiae,
819 583 872 644 pro
894 566 1018 644 ingeniis
1037 565 1127 642 magis

138 649 358 722 *defendentium
376 641 583 728 ponderantur.
630 647 712 709 Unde
740 660 770 708 et
797 649 897 710 eadem
920 669 1026 715 ,caussa
1052 667 1127 708 nune

142 738 228 806 iusta,
249 753 323 793 nunc
341 744 456 814 putatur
472 735 591 806 iniusta,
612 744 643 793 et
661 734 737 814 qaod
754 733 839 794 modo
852 749 951 794 veruna
963 734 1125 806 ridebatur,

143 821 261 880 atterius
279 818 446 879 adsertione
464 819 563 878 iaisnm
581 818 706 878 videtur.
753 818 866 892 {stade
889 839 991 879 caussa
1007 820 1127 898 reiigio-

144 907 188 964 'nis
198 924 233 964 ac
247 905 362 984 pietatis
377 901 449 963 fides
467 905 528 963 veri
543 895 701 984 propinatae
720 905 910 983 praesentiam
921 904 1083 984 postulavit,
1098 914 1128 962 ut

142 992 206 1070 ipse
225 990 307 1048 nobis
330 987 442 1048 diceret
461 987 497 1048 de
516 989 646 1067 singuiis,
668 1001 753 1067 prout
770 1008 802 1047 se
821 991 882 1068 ipsa
898 990 1005 1048 veritas
1028 988 1125 1060 habet,

145 1087 176 1135 et
194 1073 326 1145 doceret,
351 1073 493 1153 quomodo
517 1084 651 1154 oporteat
669 1073 706 1132 de
724 1074 844 1151 singuiis
866 1072 958 1133 credi.
1004 1073 1042 1132 Et
1060 1071 1126 1132 ideo

142 1171 212 1220 ante
231 1160 324 1218 omnia
342 1159 426 1218 fidem
444 1159 614 1238 prophetae,
636 1159 712 1217 omni
731 1177 793 1239 cunr
812 1159 1022 1218 examinatione
1036 1177 1127 1237 opor·

144 1257 188 1304 tet
205 1244 336 1324 probaris
366 1262 448 1324 quem
476 1264 539 1303 cunr
567 1245 741 1322 cognoveris
763 1262 833 1303 vere
856 1263 923 1303 esse
945 1244 1124 1323 prophetam,

145 1330 183 1389 de
201 1331 312 1408 reliquo
331 1340 436 1388 cuncta
457 1330 486 1388 ei
509 1327 613 1388 eredas
636 1339 768 1408 eportet,
797 1347 854 1388 nee
890 1330 964 1388 nitra
982 1328 1128 1391 discutere

147 1435 211 1475 eum
228 1434 282 1494 per
299 1415 411 1491 singula
428 1434 501 1493 quae
520 1413 667 1486 docuerit,
689 1413 741 1473 sed
763 1415 871 1474 habere
889 1415 969 1472 firma
987 1423 1017 1473 et
1030 1423 1129 1472 sancta

146 1518 220 1580 quae
240 1498 321 1571 dicit,
343 1511 473 1578 quaeque
493 1500 617 1578 quamvis
636 1497 694 1557 fide
712 1499 818 1578 suscipi
833 1495 993 1569 videantur,
1010 1497 1129 1556 anteha-

145 1586 206 1644 bita
223 1596 317 1644 tannen
335 1578 507 1663 probatione
525 1582 692 1643 creduntur.
739 1584 808 1643 Cum
827 1585 902 1642 enirn
921 1583 1010 1642 semei
1028 1602 1066 1642 ex
1075 1584 1129 1640 ini·

146 1672 189 1729 tio
206 1670 364 1750 prophetae
382 1670 489 1728 veritas
504 1670 664 1728 examinata
682 1669 861 1740 constiterit,
890 1669 1000 1747 reliqua
1017 1665 1128 1726 demun

146 1749 205 1814 tide
223 1749 364 1814 audienda
382 1765 447 1813 sunt
465 1753 647 1825 atterenda,
669 1767 805 1833 quaeum
824 1751 973 1812 doctorem
998 1751 1129 1812 veritatis

146 1851 214 1899 esse
232 1840 287 1919 iarn
306 1839 433 1898 constat(
475 1839 513 1898 Et
535 1840 610 1898 sieut
632 1850 741 1898 eertum
764 1850 824 1912 est,
849 1849 953 1898 cuneta
975 1836 1129 1897 secundun

147 1925 277 1984 veritatis
295 1925 423 2004 reguiam
442 1925 536 1983 teneri
555 1935 708 2003 oportere,
738 1928 812 2005 'spirae
839 1923 875 1982 ad
892 1922 1015 1984 divinam
1034 1924 1130 1982 seien-

147 2011 215 2068 tiam
234 2020 376 2087 spectant,
396 2011 437 2068 ita
454 2001 640 2068 indubitatum
656 2020 712 2082 est,
732 2029 750 2068 a
772 2009 848 2068 unito
866 2009 923 2068 aiio
941 2009 996 2067 nisi
1013 2008 1049 2068 ab
1067 2009 1130 2087 ipso

144 2095 212 2154 soie
230 2087 299 2153 seiri
317 2105 415 2174 posse,
441 2093 517 2174 quod
534 2111 631 2154 verum
650 2106 707 2153 est.

135 2223 137 2235 ,
193 2178 247 2241 di.
292 2177 330 2239 Et
348 2180 391 2239 his
410 2179 506 2253 dictis,
526 2190 582 2240 taut
601 2180 669 2241 mihi
687 2190 787 2259 aperte
802 2190 900 2241 ettam
915 2176 1051 2251 dilucide,
1068 2178 1131 2259 quis

147 2267 205 2324 iste
224 2258 303 2324 esset
319 2266 470 2345 propheta,
492 2276 522 2325 et
544 2264 687 2343 quomodo
709 2267 902 2337 inveniretur,
927 2266 1075 2343 exposuit,
1100 2274 1132 2322 ut

149 2370 207 2428 ego
225 2350 293 2409 mihi
311 2360 378 2408 ante
397 2344 497 2409 oculos
515 2349 639 2419 habore,
660 2361 692 2408 et
708 2368 792 2408 mann
811 2360 996 2408 contrectare
1014 2347 1133 2407 viderer

147 2434 347 2515 ‘probationes
369 2452 437 2513 quas
456 2432 492 2492 de
510 2432 680 2513 prophetica
697 2436 820 2493 veritate
837 2434 1008 2513 protulerat,
1030 2434 1132 2510 ingon-

59 2520 63 2527 '
146 2520 228 2598 tique
248 2530 365 2597 stupore
384 2517 540 2597 defigerer,
561 2517 704 2598 quomodo
723 2537 848 2599 eaquae
867 2536 965 2577 omues
980 2526 1131 2597 quaerunt,

148 2615 218 2663 ente
237 2604 335 2662 ocutos
354 2605 447 2683 posita
465 2604 556 2663 nultus
574 2604 664 2663 ridet.
710 2602 793 2663 Unde
810 2604 927 2664 iubente
945 2622 994 2676 eo,
1014 2620 1132 2682 eaquae

6 2686 7 2693 ’
109 2746 117 2760 ,
150 2688 188 2747 ad
205 2708 251 2748 me
268 2690 402 2773 loquutus
419 2700 479 2762 est,
517 2690 546 2747 in
566 2687 695 2747 ordinem
713 2688 867 2767 redigens,
887 2689 988 2747 tiltrnnt
1007 2686 1044 2747 de
1061 2707 1132 2747 vcro

148 2775 290 2853 propheta
309 2776 479 2854 conscripsi,
501 2790 621 2853 eumque
645 2772 681 2831 de
701 2773 861 2845 Caesarea,
892 2773 928 2832 ad
946 2784 988 2846 te,
1008 2774 1071 2852 ipso
1089 2772 1133 2831 iu·

151 2857 254 2929 trente,
284 2860 438 2919 transmisi.
484 2856 608 2917 Dicebat
634 2860 710 2917 enim
737 2858 897 2919 mandatum
924 2877 958 2917 se
984 2858 1133 2937 accepisse

150 2942 203 3001 abs
221 2953 262 3014 te,
282 2953 313 3001 ut
331 2962 383 3022 per
401 2944 529 3022 singulos
547 2962 648 3015 annos,
669 2944 694 3001 si
712 2963 767 3022 qna
784 2954 883 3003 essent
900 2962 918 3001 a
934 2961 967 3002 se
986 2941 1063 3002 dicta
1081 2960 1133 3020 ge-

151 3038 265 3105 staque,
286 3026 321 3085 ad
340 3038 369 3085 te
388 3026 533 3107 descripta
550 3029 769 3087 transmitteret.
782 3031 811 3102 ²)
838 3029 953 3086 Interea
970 3029 1052 3086 initio
1071 3046 1133 3085 ser-

97 3184 102 3197 ,
153 3112 245 3169 monis
263 3111 317 3180 sui,
339 3130 421 3251 qpem
440 3110 594 3189 primodie
613 3111 822 3197 hapuitadme
841 3112 878 3171 de
901 3131 972 3171 vero
993 3110 1134 3189 propheta

152 3206 184 3253 et
202 3193 238 3253 de
256 3194 319 3253 aliis
336 3196 479 3273 patrimis,
508 3208 571 3253 enm
589 3212 635 3253 me
653 3196 836 3254 instruxisset
853 3196 1033 3275 plenissime,
1053 3193 1160 3254 atti--

153 3279 196 3338 dit
213 3281 298 3338 etiam
317 3280 406 3343 haee:
426 3277 513 3352 Vide,
533 3280 635 3359 inquit,
656 3278 694 3337 de
711 3279 834 3359 reliquo,
851 3290 881 3340 et
898 3280 1038 3339 interesto
1056 3288 1134 3339 trac·

154 3364 258 3424 tatibus
276 3365 359 3438 meis,
381 3385 463 3446 qnos,
500 3366 524 3424 si
544 3362 656 3445 mando
673 3366 835 3425 necessitas
849 3364 996 3439 attulerit,
1020 3365 1133 3425 habebo
1155 3424 1159 3436 ,

154 3556 368 3575 ...ιι-Ἣ

192 3670 217 3732 ι)
236 3672 311 3784 Qduape
327 3674 470 3731 sequuntur
487 3686 568 3733 usque
585 3673 618 3721 ad
635 3656 710 3721 finem
728 3674 803 3722 huius
818 3689 886 3736 cap,
907 3675 999 3721 desunt
1016 3674 1042 3720 in
1060 3676 1133 3720 utro-

156 3752 205 3796 que
219 3753 249 3786 oo
267 3771 273 3785 .
293 3753 352 3799 xps.

193 3822 219 3883 ²)
237 3825 381 3873 voeabula:
399 3827 484 3874 Unde
496 3827 624 3877 iubente
637 3842 673 3875 co
686 3853 719 3862 —
734 3828 968 3877 transmitteret
981 3841 1032 3875 nou
1042 3826 1132 3888 legua-

155 3896 198 3940 tur
206 3890 233 3939 in
243 3892 316 3941 codd.
325 3894 408 3953 [ipss.
