2634 4400
592 291 655 356 tut

127 497 301 578 praecipitio
329 496 375 556 vel
400 493 543 576 profundo
570 515 684 577 possem
711 496 762 556 tibi
785 495 856 558 dare
873 497 1110 566 medicamentum

127 581 257 662 aliquod,
277 592 308 641 nt
325 582 387 640 sine
406 583 534 641 crucintn
552 583 650 641 valcas
668 584 753 640 vitam
772 584 866 643 linire.

173 665 227 728 tn.
273 665 352 726 Tunc
374 667 476 726 mulier
503 667 693 745 promissione
721 666 775 726 hae
806 679 956 746 gratanter
989 684 1112 750 accepta

128 754 228 832 coepit
239 750 338 810 dicere
348 772 356 809 t
373 751 469 810 Genus
480 750 591 829 quidem
603 751 670 810 milri
681 762 711 811 et
720 753 812 832 patria
822 773 895 832 qnae
904 755 952 826 sit,
965 775 1019 815 nec
1030 754 1111 815 credi

127 839 227 908 facile,
244 855 299 896 nec
311 835 367 894 dici
377 837 569 896 necessarium
582 847 666 915 puto,
687 835 738 896 sed
750 856 877 896 caussam
887 849 995 898 tantum
1005 841 1113 900 suflicit

128 920 238 984 doloris
253 939 410 1000 exponere,
431 922 632 980 curmorsibns
642 922 714 982 meis
727 923 876 1000 measipsa
895 921 1006 992 debiles
1015 924 1112 983 reddi·

128 1005 220 1065 derlm
231 1022 339 1065 manus.
359 1005 422 1083 Ego
434 1007 584 1083 generosis
595 1016 658 1065 orta
669 1007 834 1085 parentibus
844 1018 874 1066 et
887 1009 1013 1087 potentis
1023 1005 1112 1069 adue-

90 1137 97 1148 .
128 1111 184 1171 qne
195 1091 249 1149 viri
263 1091 365 1150 sortita
382 1092 598 1162 matrimonium,
621 1087 692 1150 duos
700 1093 814 1170 suscepi
824 1094 954 1168 geminos
964 1093 1072 1153 liberos
1082 1105 1113 1154 et

128 1186 197 1256 post
215 1174 267 1233 hos
285 1194 368 1234 unum
387 1175 482 1234 alium.
530 1174 590 1236 Sed
608 1177 700 1235 frater
717 1177 771 1235 viri
799 1179 854 1235 mei
881 1179 983 1238 illicito
1010 1179 1039 1237 in
1066 1199 1111 1238 me

128 1279 228 1320 amore
247 1261 433 1320 vehementer
451 1262 569 1332 exarsit,
599 1259 666 1320 milri
694 1272 786 1320 nutem
816 1280 877 1320 curn
906 1283 992 1341 super
1018 1265 1113 1323 omnia

129 1365 200 1406 cnra
227 1356 305 1406 esset
330 1344 500 1424 pudicitiae,
530 1355 560 1404 et
587 1364 679 1423 neque
698 1356 778 1404 tanto
797 1348 904 1405 sceleri
921 1347 1111 1426 adquiescere

69 1442 72 1446 ’
128 1450 224 1510 neque
242 1432 305 1489 viro
323 1431 426 1490 vellem
445 1431 582 1509 flagitium
601 1426 699 1490 fratris
717 1432 845 1508 aperire,
866 1433 993 1508 cogitavi
1011 1445 1113 1510 qnate-

127 1526 222 1576 nuset
236 1535 291 1593 ego
310 1516 455 1593 impollute
474 1513 638 1586 evaderem,
660 1526 692 1574 et
708 1516 825 1574 fratrem
844 1517 987 1575 inimicum
1006 1517 1113 1576 ethos·

128 1613 188 1661 tem
214 1620 271 1659 non
295 1601 422 1660 facerem
441 1601 534 1672 fratri,
555 1618 592 1659 ne
611 1619 702 1678 genus
721 1619 805 1659 omne
832 1599 907 1678 quod
927 1613 990 1660 erat
1008 1601 1112 1661 nobilis

128 1686 266 1757 familiae,
286 1687 315 1744 in
334 1685 516 1764 opprobrium
536 1684 644 1746 darem.
692 1685 788 1744 Patria
811 1696 933 1764 ergoet
958 1687 1029 1745 urbe
1048 1706 1112 1746 curn

129 1771 240 1831 duobus
258 1773 329 1830 meis
348 1772 469 1848 geminis
488 1769 639 1830 discedere
658 1773 754 1841 statui,
776 1766 869 1841 donec
887 1773 1014 1830 incestus
1032 1779 1113 1831 annor

130 1858 362 1936 conquiesceret,
384 1873 466 1934 quem
485 1857 561 1926 forte
581 1858 762 1935 praescntiae
781 1873 863 1914 meae
881 1856 1012 1935 palparet
1029 1858 1113 1916 etin·

129 1945 287 2002 flammaret
304 1939 472 2020 adspec'tus3
493 1941 564 2002 alius
582 1959 651 2001 sune
666 1941 743 2001 -dlins
761 1951 900 2019 quatenus
922 1942 997 2020 patri
1015 1961 1112 2001 mane-

128 2026 230 2086 netad
249 2028 391 2098 solatium,
414 2027 550 2105 cogitavi.
715 2089 719 2094 ⁸

174 2111 228 2173 16.
276 2109 334 2172 Sed
353 2122 384 2171 nt
402 2111 474 2172 haec
494 2113 534 2171 ita
553 2112 615 2172 lieri
626 2125 755 2192 possent,
776 2114 914 2173 somnium
929 2114 1010 2186 finxi,
1031 2114 1112 2192 quasi

129 2198 287 2259 adsistente
314 2198 382 2257 milri
408 2218 461 2278 per
487 2199 577 2257 visum
605 2198 726 2277 quodam
753 2202 867 2258 numine
886 2210 917 2259 et
934 2199 1062 2269 dicente,
1081 2210 1113 2257 ut

130 2284 284 2345 confestim
312 2304 375 2342 curn
402 2284 523 2360 geminis
549 2284 620 2341 meis
648 2284 720 2342 urbe
748 2282 929 2342 discederem
957 2294 987 2341 ct
1005 2282 1112 2341 tamdiu

129 2370 273 2440 obessem,
294 2368 387 2428 donec
406 2367 503 2427 redire
522 2386 566 2426 me
585 2369 647 2445 ipse
675 2368 876 2446 praeciperem
905 2366 982 2445 quod
1004 2368 1027 2425 si
1054 2387 1112 2426 non

55 2486 59 2493 ,
129 2449 273 2525 facerem,
290 2472 353 2513 eum
377 2453 475 2513 liberis
502 2452 630 2511 omnibus
657 2472 702 2511 me
728 2453 838 2531 pariter
863 2451 1029 2531 perituram.
1075 2452 1114 2509 Et

129 2541 171 2599 ita
189 2540 293 2599 factum
312 2550 367 2599 est.
415 2537 516 2599 Statim
536 2538 610 2597 enirn
629 2548 661 2597 ut
677 2539 815 2597 somnium
824 2538 887 2595 viro
898 2538 1040 2608 enarravi,
1061 2556 1112 2610 ex-

131 2626 232 2697 timuit,
253 2636 284 2685 et
293 2624 410 2684 sociatis
428 2624 493 2683 mihi
514 2622 622 2683 dnobus
641 2624 718 2695 liliis,
738 2624 830 2683 servis
848 2640 960 2702 qnoque
979 2633 1009 2681 et
1022 2622 1113 2680 ancil-

130 2712 177 2781 lis,
198 2712 321 2790 pecunia
339 2711 423 2769 etiam
444 2708 597 2768 abundanti
616 2707 694 2780 duta,
723 2709 859 2786 navigare
886 2706 1015 2767 Athenas
1033 2707 1114 2765 iubet

130 2796 179 2855 nbi
198 2797 279 2861 simul
299 2806 328 2855 et
347 2792 462 2855 erudire
481 2794 587 2856 liberos
614 2814 740 2874 possem,
769 2812 913 2865 mansura,
942 2794 1042 2872 inquit,
1072 2792 1112 2851 ibi

130 2898 278 2961 usquequo
296 2881 385 2941 visum
404 2880 492 2939 fuerit
509 2881 536 2939 ei
555 2881 602 2959 qui
620 2880 769 2958 praecepit
787 2880 885 2951 exire,
906 2888 937 2937 ut
954 2877 1059 2938 rodens
1075 2875 1112 2935 nd

128 2986 195 3025 nos.
241 2966 357 3025 Interea
375 2968 513 3042 navigans
530 2984 587 3023 una
605 2984 667 3023 cum
686 2966 757 3023 meis
775 2965 850 3023 netis
875 2974 1024 3023 ventorum
1050 2963 1112 3020 vio·

128 3052 221 3111 lentio
236 3049 272 3107 ad
291 3050 342 3107 lros
360 3051 461 3119 infelix
479 3059 620 3107 nocturno
639 3048 789 3124 naufragio
807 3046 926 3125 depulsa
943 3067 1002 3106 snm
1018 3047 1111 3115 locos,

128 3146 161 3197 et
179 3152 241 3192 cum
262 3146 359 3191 ornnes
377 3134 554 3204 interissent,
575 3131 722 3211 adreptum
741 3150 786 3190 roe
801 3129 946 3190 crudelem
964 3150 1050 3209 sopra
1067 3148 1112 3187 na·

129 3240 196 3281 xum
215 3216 354 3297 quoddam
373 3218 572 3279 vehementior
589 3219 692 3277 fluctus
710 3216 813 3287 eiecit,
834 3214 881 3273 ubi
900 3234 963 3273 cunr
981 3214 1113 3275 sederem

131 3324 168 3365 ea
186 3304 248 3363 sola
266 3322 317 3383 spe
337 3322 390 3382 qun
409 3322 490 3363 meos
506 3322 618 3382 possem
637 3303 715 3367 forte
733 3312 818 3360 natos
835 3299 978 3371 invenire,
997 3301 1026 3358 in
1045 3319 1113 3377 pru-

131 3388 247 3449 fundum
266 3408 311 3447 rne
330 3408 385 3447 non
405 3389 611 3468 praecipitari,
641 3398 709 3446 tnnc
736 3404 800 3445 cnm
827 3383 920 3445 adime
946 3385 1113 3464 perturbata

132 3474 225 3535 anima
244 3485 274 3533 et
292 3472 439 3533 doloribus
458 3472 537 3531 ebria
557 3474 656 3533 fucere
675 3472 730 3531 hoc
745 3482 780 3537 ‚et
793 3464 920 3531 nudebat
938 3481 968 3529 et
985 3480 1110 3550 poterat.

178 3558 231 3619 1⁷.
278 3558 385 3619 Verum
412 3557 460 3617 ubi
479 3556 541 3617 dies
559 3568 677 3617 exortus
696 3568 752 3628 est,
773 3567 803 3615 et
821 3576 878 3634 ego
897 3572 959 3615 cum
987 3556 1113 3614 clamore

133 3654 164 3705 et
195 3645 301 3703 ululato
328 3644 484 3703 infelicium
512 3651 642 3703 antonum
669 3643 921 3720 circumspicerem
948 3640 1040 3699 sicubi
1066 3639 1113 3697 vcl

133 3730 229 3791 eiecta
247 3729 352 3807 possim
372 3727 472 3789 videre
491 3725 649 3798 cadavera,
678 3728 864 3785 miseratione
891 3726 1024 3783 commoti
1051 3724 1114 3801 qui·

133 3812 196 3872 dam
215 3832 252 3872 ex
271 3814 314 3871 his
333 3813 380 3891 qui
399 3832 443 3872 nno
462 3808 605 3884 viderant,
625 3812 717 3890 primo
735 3830 788 3890 per
805 3810 936 3889 pelagus,
952 3819 1009 3867 tnrn
1028 3809 1113 3865 etiam

132 3900 211 3959 eirca
230 3898 326 3957 littora
344 3900 504 3976 requinuut,
524 3898 548 3956 si
567 3916 650 3976 qoem
669 3898 746 3958 forte
765 3894 800 3955 de
819 3895 899 4036 ιιιοὶε1
907 3892 1061 3954 infantibus
1071 3892 1115 3950 in-
