2634 4400
685 267 731 336 st

602 361 816 378 m

217 479 309 536 tinent
327 471 483 536 doctrinam
503 477 593 556 pacis,
614 471 808 553 etquomodo,
828 469 906 533 audi.
953 471 1205 554 laitiopracdiea,

216 562 303 622 tionis
321 581 406 632 suae,
426 571 526 640 utpote
545 561 591 640 qui
609 561 681 619 velit
698 577 796 618 omues
814 557 936 616 invitare
955 569 985 617 et
1002 557 1150 618 adducere
1164 559 1204 618 ad

217 646 348 718 salutem,
368 665 403 706 ae
421 647 586 726 patientiam
613 644 741 712 laborum
768 643 1013 722 tentationumque
1040 643 1204 703 babeudam

216 731 363 804 suaderet,
384 749 524 810 pauperes
543 729 736 800 beatilicabat,
765 747 876 806 eosque
898 747 949 806 pro
968 729 1106 806 penuriae
1125 730 1203 788 tole·

216 817 308 875 rautla
326 815 481 895 adepturos
501 835 566 876 esse
584 813 776 893 pollicebatur
801 833 892 891 regna
919 814 1078 883 coelorum,
1098 825 1130 872 nt
1147 815 1203 871 sub

216 911 295 964 tanta
313 919 365 981 spe
383 901 591 980 aequanimiter
608 898 783 978 paupertatis
800 895 921 977 pondus,
941 908 1040 976 spreta
1059 897 1203 976 cupidita-

217 997 246 1044 te
269 995 430 1066 portarent.
477 984 528 1048 Est
556 985 630 1042 enim
649 1002 732 1042 unum
752 993 782 1041 et
800 983 948 1042 marianum
968 983 1204 1061 experuiciosis,

216 1069 293 1129 simis
321 1070 462 1146 peccatis,
493 1067 643 1148 cupiditas.
692 1066 752 1126 Sed
779 1077 808 1126 et
835 1068 999 1126 esurientes
1020 1077 1051 1124 et
1068 1068 1203 1125 sitientes

216 1154 343 1212 aeternis
361 1152 443 1210 bonis
463 1153 587 1212 iustitiae
606 1149 775 1211 saturandos
794 1170 859 1210 csse
878 1150 1018 1229 promisit,
1040 1161 1069 1208 ut
1084 1162 1204 1228 egesta-

216 1248 273 1296 tem
292 1237 483 1296 tolerabiliter
500 1238 640 1308 terentes,
662 1235 730 1299 nibil
748 1255 801 1314 pro
820 1237 873 1298 bae
892 1236 987 1299 iniusti
1007 1237 1105 1312 operis
1118 1236 1203 1293 moli-

216 1332 326 1387 rentur.
372 1319 494 1380 blandos
513 1340 625 1401 quoque
644 1319 734 1378 corde
752 1320 883 1378 similiter
900 1319 1000 1378 beatos
1019 1318 1151 1391 dicebat,
1170 1331 1204 1378 et

216 1425 270 1485 per
287 1405 341 1464 boc
361 1404 442 1465 deum
461 1407 585 1481 uisuros,
605 1416 636 1488 ut
660 1405 852 1484 uuusquisque
871 1403 991 1482 adipisci
1018 1414 1122 1463 tautum
1151 1424 1203 1462 cn-

216 1492 298 1570 pieus
315 1489 430 1562 bonrum,
450 1485 632 1570 semetipsum
651 1510 668 1548 a
685 1490 816 1570 pessimis
835 1500 866 1550 et
882 1488 996 1576 pollutis
1016 1489 1202 1568 cogitationi-

215 1575 269 1634 bus
288 1577 463 1640 eontinoret.
690 1572 694 1580 ’
735 1597 741 1607 ·

260 1659 317 1719 et).
364 1660 414 1718 Sic
442 1678 513 1735 crgo
532 1661 671 1737 nragistcr
688 1671 788 1719 noster
806 1657 962 1737 discipulos
979 1657 1014 1716 ad
1034 1657 1201 1735 patientiam

217 1745 351 1815 invitans,
371 1743 475 1801 bonum
503 1745 582 1826 paeis
606 1745 692 1812 etiam
711 1763 773 1810 cum
800 1742 900 1811 labore
923 1743 1079 1820 patientiae
1097 1742 1202 1800 suade-

217 1828 265 1887 bat
283 1847 348 1886 esse
366 1825 546 1886 serrandum.
594 1825 616 1885 E
645 1828 792 1894 contrario
811 1846 880 1891 sero
907 1826 1024 1905 eosqui
1047 1828 1075 1884 in
1095 1825 1203 1884 diuitiis

216 1931 251 1974 ac
270 1912 380 1970 luxuria
399 1911 596 1983 versabantur,
625 1912 753 1990 lugebat,
787 1912 834 1990 qui
861 1910 930 1983 nibil
952 1911 1126 1989 pauperibus
1143 1913 1202 1968 lar·

217 1995 381 2074 giebautur,
402 2014 527 2072 arguens
546 2015 597 2054 eos
616 1998 756 2055 rationem
775 1994 951 2065 reddituros,
971 1997 1036 2073 qnia
1055 1997 1201 2073 proximos

217 2100 284 2148 suos
307 2099 378 2159 quos
407 2077 530 2157 diligere
549 2081 622 2138 sieut
640 2081 754 2159 seipsos
773 2079 943 2150 debuerant,
964 2097 1000 2143 uc
1019 2080 1047 2136 in
1067 2090 1201 2156 egestate
1304 2080 1305 2115 ³

217 2163 330 2245 quidem
357 2164 468 2243 positos
494 2165 621 2224 miserati
649 2175 726 2225 snut.
782 2163 861 2233 llaec
888 2175 981 2224 autem
1006 2162 1105 2224 diceus
1128 2164 1201 2224 alios

217 2248 329 2329 quidem
357 2248 476 2311 obedire
504 2249 590 2321 lecit,
615 2251 687 2309 alios
705 2268 776 2313 uero
794 2248 920 2309 reddidit
937 2250 1079 2307 inimicos.
1127 2249 1200 2308 Cre-

217 2334 349 2397 sleutibus
368 2354 440 2413 ergo
459 2346 490 2394 ct
508 2333 710 2395 obedientibus
736 2353 837 2414 pacem
856 2334 964 2408 babere
983 2335 1060 2392 iuter
1076 2353 1109 2392 so
1127 2336 1199 2392 iavi-
1303 2367 1304 2414 3

217 2439 278 2482 cem
298 2421 388 2489 iubet,
410 2431 440 2479 et
457 2422 527 2499 ipsis
545 2419 632 2489 dicit,
652 2420 735 2479 Beati
754 2420 881 2499 pacifici,
909 2420 975 2497 quia
1001 2420 1055 2496 ipsi
1075 2419 1125 2476 dlii
1145 2418 1201 2478 llei
1303 2461 1304 2466 κ

216 2505 404 2571 vocabuntur.
452 2500 502 2563 His
522 2516 627 2575 autem,
648 2506 695 2583 qui
714 2526 770 2562 nou
789 2506 878 2563 solum
898 2524 954 2561 noa
973 2501 1138 2573 credidere,
1150 2523 1201 2573 uje-

216 2608 277 2648 ram
296 2600 326 2647 et
344 2587 502 2647 adversarii
522 2587 672 2647 doctrinae
695 2590 758 2647 eius
784 2589 855 2647 facti
881 2599 958 2660 suut,
986 2588 1091 2646 bellum
1117 2588 1200 2647 vorbi

217 2683 248 2733 et
265 2672 469 2730 confutationis
487 2671 587 2729 indicit
606 2684 636 2731 et
653 2674 710 2729 aits
731 2673 796 2749 quia
814 2690 851 2730 ex
874 2672 928 2731 boc
955 2668 1088 2731 ridebitis
1114 2692 1200 2751 sepa-

216 2758 274 2814 rari
293 2756 379 2817 lilium
397 2775 415 2825 e
433 2767 527 2833 patre,
556 2766 587 2815 et
613 2758 704 2815 virum
721 2756 757 2814 ab
775 2776 879 2828 uxore,
908 2768 939 2815 ct
957 2757 1040 2814 liliam
1059 2768 1197 2827 amatre,

114 2859 119 2873 ‘
217 2850 247 2899 et
256 2841 373 2898 fratrem
384 2860 400 2897 a
412 2840 513 2909 fratre,
529 2851 559 2898 et
570 2859 667 2899 nurum
678 2858 802 2910 assem,
815 2851 844 2899 et
854 2842 959 2899 inimici
970 2841 1090 2899 bominis
1101 2839 1199 2913 derue-
1242 2845 1247 2853 ’

217 2924 363 2983 stieieius.
385 2923 416 2981 lu
427 2942 592 3007 unaquaque
604 2923 786 2999 enimdonro,
807 2944 869 2993 eum
885 2926 961 2992 iuter
979 2922 1146 2984 credentem
1169 2937 1200 2985 et

216 3028 272 3067 uon
284 3005 451 3066 credentem
462 3008 594 3085 eoeperit
604 3027 668 3067 esse
687 3007 850 3081 diversitas,
871 3012 1037 3072 necessario
1048 3030 1144 3087 pugna
1154 3011 1197 3078 bt,

217 3090 373 3161 incredulis
391 3090 504 3181 quidem
523 3102 623 3151 contra
642 3091 727 3153 lidenn
750 3091 959 3165 dimicantibus,
980 3093 1110 3162 fidelibus
1127 3114 1199 3153 uero

217 3178 245 3235 in
264 3178 321 3235 illis
340 3196 469 3237 errorem
488 3188 628 3249 veterem,
650 3189 681 3237 et
699 3190 883 3256 peecatorum
894 3179 961 3237 vitia
972 3177 1196 3239 confutantibus.

257 3260 314 3319 50.
362 3260 501 3327 Similiter
520 3282 631 3339 quoquc
650 3264 735 3321 etiam
754 3282 826 3340 erga
848 3264 957 3321 scribas
985 3273 1015 3321 et
1032 3262 1200 3340 pharisaeos

215 3344 313 3402 ultimo
341 3343 491 3404 doctrinae
518 3366 585 3404 strae
608 3357 740 3424 tempore
757 3345 861 3406 bellum
880 3348 974 3424 gerit,
994 3365 1119 3423 arguens
1146 3366 1199 3405 eos

215 3445 303 3505 super
320 3428 431 3493 actibus
450 3441 506 3486 aon
525 3429 608 3491 bouis
636 3442 666 3489 et
688 3441 838 3500 nourceta
852 3430 994 3501 doctrina,
1015 3429 1199 3509 etquodela-

215 3530 278 3569 vem
297 3509 436 3571 scientiae
464 3516 545 3590 quam
569 3533 586 3573 a
603 3513 705 3593 Moyse
724 3514 856 3574 traditam
874 3526 1075 3594 susceperuut,
1100 3518 1198 3575 occul·
1300 3495 1301 3564 l

116 3608 119 3620 ¹
216 3605 322 3666 tarent,
343 3614 494 3674 perquam
514 3600 605 3674 possit
622 3600 706 3657 ianua
724 3601 807 3677 regui
827 3600 963 3660 coelestis
980 3601 1098 3677 aperiri.
1138 3599 1198 3659 Sed

217 3690 246 3738 ct
265 3700 316 3738 uos
334 3678 370 3738 ad
388 3680 607 3758 praedicandum
626 3684 741 3742 mittens
768 3682 897 3756 domiuus
922 3694 1023 3742 noster
1048 3687 1198 3763 praecepit
1299 3705 1300 3710 ¹

215 3764 309 3835 mobis,
331 3776 361 3822 at
378 3766 406 3822 iu
425 3784 620 3846 quameunque
640 3768 782 3827 civitatem
801 3768 846 3826 vel
865 3766 976 3826 domum
1003 3770 1196 3827 introierimus
1299 3833 1300 3836 Ἴ

217 3845 354 3920 dieamus,
376 3868 432 3928 pax
449 3850 515 3909 baie
534 3848 645 3925 domui3
661 3863 713 3921 et
731 3850 882 3932 siquidem,
912 3853 1013 3931 inquit,
1042 3854 1130 3911 luerit
1157 3854 1196 3921 ibi
