2634 4400
592 372 660 435 eut
751 381 753 386 '

129 578 260 649 visibilis,
281 580 367 637 autin
382 576 540 651 schemate,
562 589 610 636 aut
629 589 711 637 extra
728 578 883 652 baeresim,
904 590 952 639 aut
962 578 1111 654 deficiens,

129 674 253 723 autnon
274 665 456 741 contingens,
478 664 572 722 autin
601 662 731 723 obscuris
758 664 860 736 stellis,
891 676 919 724 et
946 666 1032 727 multa
1058 668 1114 725 alia

129 750 173 807 bis
193 748 294 807 similia
314 746 466 807 secundum
498 749 625 807 rationes
651 749 782 828 proprias
809 748 997 831 respondebit
1023 763 1053 811 et
1079 750 1115 811 de

130 834 250 911 singulis
269 832 441 911 adsignabit.
489 832 557 892 Post
575 834 649 892 huno
669 835 753 892 alium
780 832 858 893 adito
886 836 1113 895 mathematicum

130 930 160 977 et
179 918 267 997 dicit-o
287 920 443 989 contraria,
465 920 529 997 quia
548 918 615 977 illud
634 919 700 977 mibi
720 920 787 978 boni
807 922 929 997 contigit
943 923 971 979 in
982 922 1030 979 illo
1042 932 1113 980 tem-

129 1004 219 1083 p'ore3
240 1014 351 1081 tempus
369 1015 462 1062 autem
481 1004 536 1062 boc
557 1002 630 1063 idem
651 1003 752 1076 dicito,
774 1016 804 1064 et
821 1008 937 1085 require
957 1006 1112 1085 exquibus

129 1085 260 1169 partibus
277 1091 393 1167 genesis
411 1088 466 1146 hoc
486 1088 536 1147 tibi
556 1092 687 1149 evenerit
704 1090 783 1162 boni,
805 1102 835 1150 et
852 1102 982 1171 tempora
999 1101 1030 1150 ut
1040 1090 1111 1164 dixi,

129 1172 231 1234 eadem
259 1194 331 1252 quae
360 1172 395 1233 tle
419 1174 499 1231 malis
517 1175 762 1253 interrogaveras,
784 1175 939 1235 custodito.
987 1176 1113 1256 Cumque

129 1271 159 1317 tu
179 1258 319 1318 fefelleris
339 1258 374 1317 de
394 1259 580 1337 temporibus,
600 1260 667 1318 vide
687 1272 790 1339 quanta
808 1262 859 1321 tibi
879 1263 1007 1321 inveniet
1028 1262 1114 1321 sche-

129 1355 215 1414 mata,
236 1363 289 1422 per
308 1364 378 1423 quae
399 1341 531 1403 ostendat
551 1342 626 1424 quod
644 1346 697 1403 tibi
715 1346 743 1403 in
763 1345 818 1403 illis
840 1347 910 1424 ipsis
938 1347 1113 1426 temporibus

130 1430 247 1489 evenire
267 1427 419 1488 debuerint
437 1428 522 1487 bona.
554 1428 731 1509 Impossibile
751 1430 825 1488 enim
845 1440 892 1489 est
907 1431 1050 1490 hominum
1062 1452 1114 1509 ge·

129 1515 220 1574 nesim
239 1515 437 1585 tractantibus,
458 1536 514 1573 non
534 1514 561 1573 iu
581 1514 655 1573 onrni
675 1535 756 1593 quam
776 1513 874 1575 dieunt
896 1516 1017 1593 regione
1045 1517 1114 1575 stel-

129 1601 219 1659 larum
246 1610 360 1678 semper
387 1600 516 1658 invenire
544 1598 677 1678 quasdam
706 1599 780 1659 bene
808 1601 917 1679 positas
945 1602 1054 1674 stellas,
1083 1612 1114 1660 et
1194 1634 1198 1647 .

131 1683 264 1764 quasdam
282 1685 372 1757 male;
403 1685 527 1743 circulus
546 1686 619 1743 enim
639 1696 684 1744 est
702 1687 861 1763 aequaliter
880 1686 1011 1745 exomni
1030 1697 1113 1765 parto

131 1772 269 1829 collectus
288 1768 441 1829 secundum
460 1770 625 1841 mathesim,
657 1769 785 1829 diversas
805 1782 834 1829 ct
851 1772 947 1829 varias
965 1772 1114 1850 accipiens

130 1875 256 1929 caussas,
278 1854 433 1934 exquibus
453 1855 635 1914 occasionem
655 1857 768 1934 capiant
787 1854 901 1915 dicendi
916 1856 1110 1937 quodvolunt.

174 1941 227 2000 tu.
276 1939 357 1999 Sicut
385 1942 459 1999 enim
488 1940 550 1999 lieri
569 1941 643 1999 solet
662 1940 708 1999 ubi
728 1943 837 2000 somnia
855 1940 971 2020 obliqua
989 1940 1113 2017 viderint

130 2026 270 2096 homines,
300 2037 330 2085 et
357 2026 424 2084 nibil
453 2026 525 2084 certi
553 2026 727 2105 intelligunt,
749 2048 810 2086 cum
830 2028 931 2107 aliquis
951 2027 1113 2087 occurrerit

131 2112 222 2170 exitus
241 2130 347 2185 rerum,
369 2122 435 2170 tunc
454 2109 490 2169 ad
510 2131 543 2169 ea
562 2131 633 2189 quae
652 2111 813 2171 acciderint
830 2124 928 2191 aptant
942 2115 1113 2171 etiamsom·

130 2199 169 2256 nii
187 2199 287 2269 visum,
309 2198 348 2256 ita
368 2208 412 2256 est
431 2207 460 2255 et
478 2196 629 2268 nnatbesis3
651 2207 800 2275 antequam
819 2196 925 2277 aliquid
937 2196 1008 2272 liet,
1038 2200 1112 2256 certi

130 2283 198 2340 nibil
218 2283 434 2362 pronunciatur,
457 2291 557 2359 postea
576 2299 645 2339 vero
666 2301 747 2358 quam
766 2281 872 2360 aliquid
891 2281 1050 2354 acciderit,
1068 2284 1113 2340 rei

130 2369 184 2426 iam
203 2377 304 2444 gestae
325 2366 463 2443 colligunt
482 2385 606 2424 caussas.
654 2363 785 2444 Denique
804 2367 973 2445 frequenter
992 2385 1112 2426 cumer-

129 2451 257 2511 raverint
276 2460 305 2509 et
322 2451 407 2509 alitor
424 2470 471 2508 res
490 2449 640 2520 acciderit,
662 2451 833 2529 semetipsos
852 2452 1002 2531 increpant
1012 2450 1111 2511 dicen-

130 2549 174 2596 tes
194 2537 258 2616 quia
277 2536 324 2593 illa
343 2535 397 2593 luit
415 2535 498 2593 stella
517 2555 589 2613 quae
617 2535 779 2614 impedivit,
810 2553 882 2614 quae
910 2537 1052 2607 occurrit,
1082 2547 1112 2595 et

129 2643 186 2680 non
205 2620 335 2690 vidimus,
365 2621 530 2698 ignorantes
550 2621 614 2698 quia
633 2639 717 2679 error
735 2641 832 2679 eornm
852 2642 908 2680 non
927 2641 964 2680 ex
982 2622 1112 2680 antisim-

129 2704 291 2786 prudentia,
312 2703 363 2764 sed
382 2723 418 2764 ex
437 2707 523 2763 totius
547 2724 666 2765 caussae
685 2707 915 2766 inconvenientia
944 2705 1109 2781 descendit,

130 2793 264 2870 ignorant
283 2792 357 2850 enim
378 2810 448 2871 quae
468 2791 534 2861 sint,
556 2811 628 2874 quae
655 2792 755 2851 lacere
783 2791 894 2870 quidem
923 2794 1112 2872 concupisca-

129 2897 201 2947 mus,
223 2897 279 2934 non
298 2888 392 2935 tamen
411 2874 607 2952 indulgeamus
631 2877 884 2955 concupiscentiis.
931 2877 994 2937 Nos
1017 2889 1111 2938 autem

132 2964 178 3041 qui
197 2961 326 3040 mysterii
344 2961 426 3020 huiu's
445 2959 593 3018 didicimus
612 2964 768 3032 rationem,
790 2965 893 3020 scimus
921 2974 951 3021 et
969 2982 1109 3035 caussam,

131 3048 196 3126 quia
213 3046 375 3105 libertatem
402 3045 540 3105 babentes
567 3045 676 3103 arbitrii
705 3044 845 3105 interdum
869 3048 1111 3125 concupiscentiis

131 3131 304 3202 obsistimus,
326 3129 465 3190 interdurn
486 3129 628 3202 cedimus3
659 3141 689 3189 et
706 3127 773 3189 ideo
800 3130 985 3190 bumanorum
1013 3142 1111 3208 gesto·

130 3237 191 3275 rum
219 3217 346 3276 incertus
374 3227 419 3275 est
437 3217 547 3287 exitus,
577 3216 641 3294 quia
661 3215 688 3273 in
709 3215 842 3275 libertato
861 3216 969 3295 pendet
987 3215 1110 3274 arbitrii.

130 3301 204 3362 Nam
224 3302 483 3380 concupiscentiam
503 3300 627 3379 quidem,
658 3321 740 3380 qnam
759 3312 896 3380 operatur
914 3302 1036 3378 maligna
1053 3302 1112 3359 vir·

130 3397 187 3457 tus,
207 3396 305 3466 potest
323 3385 451 3445 indicare
470 3386 700 3459 mathematicus,
730 3385 783 3445 sed
808 3388 832 3444 si
858 3386 1112 3464 concupiscentiae

130 3472 211 3530 buius
230 3483 310 3530 actus
327 3472 373 3530 vel
393 3473 485 3530 exitus
504 3471 614 3549 impleri
637 3473 727 3551 possit
754 3491 808 3530 nee
828 3492 875 3542 ne,
904 3472 969 3550 quia
988 3471 1016 3528 in
1035 3470 1112 3529 arbi·

130 3555 178 3614 tr'ii
196 3556 329 3616 libertate
348 3567 404 3626 est,
425 3555 493 3614 sciri
512 3565 578 3614 ante
598 3557 730 3615 ellectum
749 3558 793 3615 rei
811 3577 828 3615 a
847 3556 923 3614 nullo
942 3566 1048 3636 potest.
1075 3554 1113 3614 Et

130 3641 186 3700 hoc
206 3651 250 3699 ost
269 3639 343 3722 quod
354 3643 522 3719 ignorantes
532 3641 672 3720 astrologi
683 3642 851 3701 invenerunt
861 3641 914 3700 sibi
925 3651 954 3699 ut
965 3641 1112 3698 climacte-

130 3745 178 3786 ras
196 3725 338 3799 dicerent,
358 3728 402 3786 rei
422 3725 534 3786 scilieet
552 3725 681 3784 incertae
710 3728 853 3804 perfugia,
883 3726 957 3783 sicut
975 3725 1111 3784 hesterno

130 3811 293 3889 plenissime
313 3808 499 3872 ostendimus.
1091 3878 1093 3881 ,

176 3895 229 3955 la.
275 3893 322 3953 Ad
339 3896 412 3955 baec
432 3898 456 3956 si
476 3894 542 3975 quid
560 3894 610 3954 tibi
630 3894 782 3956 dicendum
800 3892 924 3967 videtur,
946 3892 1046 3953 dicito.
1075 3894 1114 3953 Et

130 3990 229 4062 pater:
250 3979 328 4040 Nibil
354 3983 462 4054 verius,
491 3981 592 4060 inquit,
622 3981 678 4052 lili,
706 3981 750 4040 his
769 3999 840 4059 quae
858 3982 1052 4059 prosequutus
1066 3998 1110 4038 es.
