2634 4400
590 255 653 345 1‘17

171 487 205 547 5.
253 486 303 546 Sic
322 489 395 545 enim
416 497 445 544 ct
464 485 659 548 Hebraeorum
679 490 782 568 populo
795 492 838 548 'cx
857 493 939 549 initio
949 491 1042 551 datum
1054 506 1108 564 est,

127 585 160 631 nt
187 571 344 649 diligerent
369 571 490 650 Moysen
518 583 548 631 et
575 571 730 632 crederent
756 575 844 633 verbo
864 577 936 634 eius.
969 577 1063 650 [Unde
1083 589 1113 636 ct

129 659 266 734 seriptum
286 667 346 714 est:
376 658 404 724 ¹)
416 655 516 714 Credit
534 659 655 736 populus
675 656 730 716 deo
749 669 779 716 et
796 658 890 738 Moysi
905 661 1110 735 famulemus]

129 741 214 815 Quod
241 760 313 817 ergo
341 741 394 798 fuit
420 742 530 818 proprii
558 743 683 800 muneris
710 762 727 800 a
750 741 811 801 deo.
824 762 896 820 erga
914 743 1113 803 Hebraeorum

130 836 258 904 gentem,
281 826 335 882 boc
354 844 429 883 nunc
456 824 583 884 videmus
610 824 673 883 dari
690 828 776 885 etiem
795 827 839 886 bis
857 830 905 906 qni
923 849 961 887 en
979 829 1112 906 gentibus

129 919 327 968 convocantur
353 907 401 967 ad·
417 907 512 968 iidem.
568 909 692 988 Operum
719 930 789 969 vero
816 913 891 970 ratio
918 915 1055 991 potestati
1082 925 1113 972 ct

129 995 251 1052 arbitrio
270 995 489 1071 uniuscuiusque
507 995 693 1072 permittitur,
714 1006 744 1054 et
761 996 816 1053 boc
839 997 971 1074 ipsorum¹
983 1007 1028 1056 est
1045 1007 1113 1075 pro·

130 1081 235 1156 prium,
266 1077 452 1151 [desiderium
475 1098 544 1137 vero
565 1079 677 1139 bebere
695 1099 766 1157 erga
785 1079 934 1138 doctorem
953 1083 1110 1155 veritatis,]

130 1164 186 1220 boc
206 1173 324 1240 epatre
344 1164 467 1221 coelesti
486 1162 619 1222 donatum
639 1175 694 1223 est.
742 1163 803 1222 soe
820 1166 898 1222 salus
916 1167 943 1224 in
963 1185 999 1224 eo
1019 1177 1113 1224 estut

129 1249 305 1308 voluntatem
325 1248 397 1316 cius,
417 1249 498 1306 cuius
517 1267 641 1307 amorem
661 1259 692 1307 et
709 1247 881 1308 desiderium
900 1248 957 1309 deo
968 1251 1112 1328 largiente

130 1333 315 1408 conceperis,
336 1332 440 1404 iacias3
461 1351 497 1392 ne
516 1331 629 1390 dicatur
646 1331 683 1391 ed
700 1344 732 1391 te
750 1333 798 1391 iiie
817 1337 911 1391 sermo
939 1335 1001 1392 eius
1028 1345 1113 1413 quem

131 1415 218 1474 dixit:
234 1418 262 1487 ²>
288 1415 362 1488 Quid
380 1427 474 1474 autern
493 1416 589 1474 dicitis
607 1417 676 1474 mibi
702 1416 816 1474 domine
843 1416 970 1488 domine,
998 1428 1029 1476 et
1055 1420 1112 1476 non
1201 1434 1203 1439 ·

130 1502 227 1559 facitis
246 1519 318 1578 quae
336 1499 422 1559 dico?
440 1500 493 1559 Est
510 1519 582 1578 ergo
601 1502 711 1579 proprii
730 1502 854 1559 muneris
872 1521 889 1558 a
908 1500 964 1560 deo
979 1505 1112 1560 concessi
1202 1517 1204 1522 ·

131 1585 285 1655 Hebraeis,
307 1595 338 1642 ut
355 1584 450 1664 Moysi
469 1583 601 1656 credant,
622 1585 755 1662 gentibus
773 1596 879 1656 eutem,
908 1595 940 1643 nt
957 1585 1050 1644 lesum
1069 1584 1112 1643 di·
1207 1596 1212 1604 “

56 1729 60 1746 ‚
130 1673 233 1747 ligant.
281 1669 342 1727 Hoc
362 1671 435 1728 enirn
455 1668 601 1728 indicabat
619 1680 649 1727 et
667 1670 814 1746 magister,
834 1671 883 1728 ubi
906 1671 1006 1742 aitzss)
1036 1669 1112 1727 Con-

131 1755 237 1816 fitebor
255 1753 305 1812 tibi
323 1765 418 1832 pater,
440 1753 554 1812 domine
573 1755 649 1812 coeli
673 1765 703 1812 et
727 1765 836 1824 terrae,
866 1757 933 1833 quia
958 1755 1112 1812 occultasti

130 1841 204 1898 bace
223 1859 239 1896 a
258 1839 433 1916 sapientibus
452 1849 482 1896 et
499 1837 685 1916 prudentibus
703 1850 734 1896 et
757 1840 892 1897 revelasti
919 1831 955 1897 eb
972 1840 1112 1917 parvulis.-

130 1925 188 1982 Per
206 1921 281 2001 quod
300 1924 397 2001 utique
416 1921 591 1993 declaretur,
613 1924 678 2002 quia
698 1923 894 1982 Hebraeorum
917 1924 1038 2002 popnius
1065 1925 1112 2001 qu'i

130 2029 168 2068 cx
187 2009 254 2084 lege
273 2006 400 2065 eruditus
419 2018 474 2078 est,
495 2009 641 2085 ignoravit
650 2028 726 2079 enm,
747 2009 866 2087 populus
880 2004 973 2067 autern
984 2011 1112 2086 gentium

130 2093 249 2170 agnovit
267 2092 359 2151 lesuin
379 2103 409 2149 ct
426 2103 592 2163 ueneratur,
613 2091 816 2171 propterquod
827 2092 1034 2163 etsaivabitur,
1055 2113 1112 2150 non

129 2178 221 2238 solum
233 2193 394 2254 agnoscens
406 2198 468 2237 eum
487 2176 538 2236 sed
549 2187 579 2235 et
595 2177 770 2237 voluntatem
788 2179 850 2236 eius
868 2179 991 2236 faciens.
1018 2175 1113 2236 Debet

130 2274 225 2326 autern
245 2263 269 2320 is
288 2264 335 2340 qui
354 2281 391 2322 cx
409 2261 542 2338 gentibus
561 2272 621 2331 est,
650 2273 682 2319 ct
699 2280 737 2319 ex
754 2260 811 2319 deo
829 2262 932 2331 babet,
961 2272 993 2318 nt
1010 2260 1114 2337 diligat

129 2348 236 2417 lesum,
257 2348 367 2424 proprii
387 2345 494 2404 babere
513 2346 665 2423 propositi,
686 2355 717 2402 ut
743 2343 846 2402 credat
872 2356 902 2403 et
923 2344 1029 2422 Moysi.
1076 2344 1113 2402 Et

129 2451 230 2490 rursus
249 2430 398 2491 Hebraeus
417 2432 464 2507 qui
484 2450 520 2487 ex
539 2427 704 2499 denbabet‚
724 2427 981 2506 nteredatbioysi,
1002 2427 1112 2487 babere

130 2516 221 2574 debet
246 2526 276 2573 et
303 2535 340 2573 cx
366 2515 516 2592 proposito
534 2533 598 2583 sno,
628 2524 659 2570 ut
677 2510 779 2571 credat
796 2514 825 2570 in
844 2512 949 2584 lesum,
977 2522 1009 2570 ut
1025 2532 1112 2570 unus-

130 2601 249 2679 quisque
268 2619 366 2660 eorum
386 2598 493 2657 babens
511 2599 539 2656 in
559 2602 593 2656 se
608 2597 685 2656 eliud
704 2596 791 2655 divini
801 2598 937 2668 muneris,
957 2595 1112 2674 aiiudpro-

129 2686 212 2763 priae
230 2682 398 2753 industriae,
419 2685 456 2741 sit
474 2703 510 2741 cx
533 2690 654 2760 utroque
686 2682 844 2759 perfectus.
892 2680 935 2741 De
962 2682 1013 2739 tali
1037 2684 1112 2740 enirn

130 2769 249 2829 dicebat
267 2768 395 2830 dominus
414 2768 514 2829 dester
531 2769 592 2827 viro
612 2766 712 2839 divite,
733 2768 779 2844 qni
797 2768 911 2847 profert
933 2766 969 2825 dc
996 2766 1112 2825 tbesau·

129 2855 171 2915 ris
190 2854 248 2911 suis
266 2873 340 2911 nove
359 2864 389 2912 et
405 2864 517 2915 vetera.

172 2935 207 2995 6.
254 2935 314 2995 Sed
332 2936 368 2997 de
386 2938 430 2995 bis
448 2940 517 2995 satis
536 2937 656 3011 dictum,
685 2950 772 3016 urget
790 2941 864 2997 enim
883 2950 995 3016 tempus
1013 2947 1043 2995 ct
1060 2957 1112 3016 po·

128 3022 190 3102 puli
217 3020 354 3095 religiosa
381 3019 497 3090 devotio
525 3023 626 3080 invitet
643 3043 712 3092 nos,
733 3022 770 3079 ad
788 3024 867 3098 ipsos
884 3024 984 3079 iacere
1003 3040 1113 3079 sermo·

129 3124 208 3165 nern.
255 3101 371 3161 Etcum
391 3104 463 3161 baec
483 3103 613 3174 dixisset,
633 3104 800 3181 requirebat
817 3105 865 3160 ubi
875 3110 1053 3181 opportunus
1067 3122 1113 3161 es-

122 3198 178 3249 ‘set
195 3188 276 3249 loeus
296 3185 332 3245 ad
351 3184 560 3265 disputandum⁴
607 3186 644 3243 Et
669 3188 753 3244 Maro
776 3188 832 3243 ait:
861 3186 914 3243 Est
939 3188 1006 3244 mibi
1024 3186 1113 3244 aedes
1218 3201 1222 3205 ’

131 3272 317 3351 amplissime,
337 3290 410 3349 quae
428 3272 491 3349 plus
510 3290 591 3348 quem
611 3272 783 3349 quingentos
800 3271 924 3346 recipiat
950 3273 1039 3339 viros,
1068 3281 1113 3327 est
1191 3276 1204 3283 ”

132 3369 164 3417 et
182 3357 280 3415 bortus
298 3357 372 3415 intra
390 3354 518 3427 dornunr3
539 3366 588 3414 aut
603 3356 628 3413 si
647 3356 675 3413 in
694 3354 809 3432 publico
823 3354 918 3432 aliquo
929 3355 1025 3432 piacet
1033 3355 1111 3425 ioco,

132 3444 189 3499 boc
207 3443 299 3518 magis
317 3460 415 3499 omnes
434 3438 609 3510 desiderant,
631 3457 715 3499 nemo
734 3439 808 3500 eninr
828 3450 883 3508 est,
913 3441 967 3517 qui
987 3460 1043 3496 non
1063 3460 1113 3496 cu-

133 3527 256 3604 piatvei
274 3526 378 3583 facient
398 3526 472 3582 tuam
490 3523 590 3582 videre
617 3535 736 3582 tantum.
784 3522 820 3582 Et
840 3523 955 3582 Petrus:
986 3522 1112 3581 Ostende

134 3610 201 3671 mihi
219 3610 320 3692 inquit,
342 3608 442 3667 aedem
461 3610 505 3666 vei
525 3608 648 3666 bortum.
678 3608 732 3689 ¹Et
751 3626 812 3665 cum
831 3606 950 3667 vidisset
959 3604 1058 3666 aedem
1070 3609 1113 3663 in·

172 3862 197 3922 1)
215 3863 296 3911 Exed.
317 3866 357 3923 11,
377 3868 416 3911 31.
488 3865 514 3925 ²)
533 3866 593 3911 leuc.
613 3870 637 3925 e,
656 3868 696 3911 16.
768 3860 794 3923 ³)
813 3864 903 3909 Mettio.
923 3865 964 3923 11,
983 3864 1022 3907 25.
