2634 4400
602 279 668 344 nti
731 352 737 357 ,

142 510 225 562 unam,
247 487 323 569 quod
342 498 386 549 est
404 489 516 561 mulum,
538 484 627 562 dabit,
647 508 702 569 per
718 488 793 569 qood
812 510 868 550 uon
887 490 977 551 solum
987 491 1053 566 sibi,
1073 483 1126 553 sed

143 588 173 637 et
192 574 300 634 civibus
320 586 349 634 et
368 576 518 638 universae
538 576 617 652 genti
636 573 785 635 subversio
804 586 834 635 et
852 578 998 657 pernicies
1017 578 1122 638 oderit.

142 662 223 721 llaec
242 678 314 739 ergo
333 662 402 719 licet
420 655 474 719 illis
494 678 669 739 componere
692 679 729 720 ex
747 660 872 741 qualibet
890 664 1009 723 materia
1034 666 1124 723 visum

142 748 190 819 sit,
212 758 307 805 tumere
324 748 415 825 aptari
433 745 469 805 ad
489 764 598 805 omncnn
618 746 759 806 homiuem
777 759 906 829 possunt,
937 750 1043 827 quiesi
1063 752 1125 829 quis

140 833 314 913 pastoralem
334 843 364 891 et
383 832 518 891 rusticum
538 842 622 911 utque
641 834 802 911 imperitum
820 832 924 893 babeat
942 851 1055 893 sensum
1069 853 1124 894 uec

140 918 211 977 velit
229 916 348 987 erudiri,
369 917 417 975 ubi
436 918 567 995 corporis
586 918 666 975 calor
684 916 719 976 dc
738 916 864 976 libidinis
891 920 1030 977 suavitate
1045 938 1125 998 ¹sug-

112 1066 114 1075 ,
142 1004 278 1081 gesserit,
302 1002 436 1060 continuo
456 1004 559 1081 spretis
578 1000 734 1061 studiorum
752 1002 905 1062 virtutibus
928 1014 959 1062 et
982 992 1157 1064 'scientiae'

141 1088 235 1159 bonis,
256 1086 291 1145 ad
310 1088 471 1166 voluptates
490 1088 620 1165 corporis
639 1089 760 1146 animum
780 1085 905 1146 confert.
951 1088 1066 1147 Ethinc
1081 1100 1126 1147 est

140 1170 216 1232 uude
236 1174 375 1251 impacata
393 1172 469 1230 bella
488 1173 780 1249 consurguntuvb‘es
798 1184 894 1245 ruunt,
925 1175 1035 1252 patriae
1055 1192 1125 1233 con-

142 1257 250 1327 cidunt,
271 1259 345 1316 sicut
364 1267 393 1316 et
412 1255 491 1314 Paris
509 1266 590 1334 rupta
612 1255 719 1320 lielenu
748 1256 785 1315 ad
804 1270 926 1317 motuum
947 1257 1076 1319 Graecos
1095 1270 1126 1318 et

141 1342 278 1401 burburus
297 1343 416 1400 armavit
434 1343 562 1401 exitium.

183 1426 240 1487 49.
287 1426 324 1485 Et
351 1426 452 1485 Petrus
480 1426 644 1485 collaudans
672 1430 924 1505 prosequutionem
952 1430 1028 1499 eius,
1066 1430 1122 1487 ait:

142 1509 246 1572 Multos
264 1524 294 1569 ut
312 1510 409 1584 video,
430 1513 572 1588 ingeniosi
592 1512 721 1569 homines
740 1531 776 1570 ex
794 1511 838 1570 bis
857 1530 929 1591 quae
939 1513 1039 1589 legunt
1047 1514 1126 1571 veri-

142 1596 339 1657 similitudines
359 1598 484 1675 cupiunt,
507 1608 536 1655 ct
554 1594 621 1655 ideo
650 1594 806 1674 diligenter
832 1596 1041 1657 observandum
1067 1608 1122 1669 est,

142 1694 172 1742 ut
189 1684 237 1741 lex
256 1680 303 1741 dei
323 1701 384 1740 corn
404 1682 521 1760 legitur,
541 1700 599 1740 non
619 1681 774 1741 secundom
792 1683 901 1763 proprii
921 1683 1030 1759 ingenii
1041 1682 1124 1740 iutel-

141 1768 288 1846 ligentiann
307 1768 430 1845 legatur.
479 1766 550 1825 Sunt
569 1768 644 1826 enirn
663 1767 748 1825 multa
765 1766 854 1826 verba
871 1768 899 1829 in
918 1768 1067 1847 scripturis
1082 1764 1125 1825 di·

140 1854 224 1923 viuis,
246 1862 455 1932 quaepossunt
472 1849 546 1909 trabi
566 1850 601 1910 ad
621 1872 684 1911 eum
703 1871 829 1924 sensum,
849 1871 931 1931 quem
949 1852 1013 1910 ‘sibi
1038 1867 1125 1911 unus-

142 1939 260 2018 quisque
279 1950 380 2017 spoute
400 1938 585 2016 praesumsit3
616 1934 691 2016 quod
719 1936 781 1996 lieri
808 1957 865 1996 oon
884 1947 1011 2019 oportet.
1058 1936 1125 1995 Non

141 2024 216 2082 euim
235 2041 345 2081 sensum
366 2040 447 2103 quern
467 2024 646 2081 extrinsecus
665 2024 795 2081 attuleris
822 2024 944 2083 alienum
971 2034 1002 2082 ct
1029 2029 1125 2081 eitra-

141 2126 223 2167 neum
243 2104 331 2167 debes
359 2126 512 2187 quaerere,
542 2127 624 2187 quem
655 2129 692 2166 cx
719 2110 922 2185 scripturarum
951 2108 1125 2166 auctoritate

142 2194 306 2265 coniirmes,
328 2192 378 2251 sed
397 2199 434 2251 ex
452 2194 519 2271 ipsis
538 2193 688 2270 scripturis
707 2213 820 2251 sensum
844 2209 949 2271 capere
975 2191 1122 2263 veritatis3

135 2289 171 2338 'et
188 2277 255 2336 ideo
275 2287 391 2356 oportet
409 2275 498 2334 uben
518 2275 736 2353 intelligentiam
764 2273 878 2335 discere
905 2273 1142 2354 scripturarum„

141 2363 188 2442 qui
210 2381 272 2420 earu
291 2379 308 2419 a
326 2359 478 2419 maioribus
497 2358 650 2419 secuudum
669 2359 828 2420 veritatem
839 2361 894 2420 sibi
911 2358 1044 2418 traditam
1062 2378 1125 2418 ser·

139 2455 199 2518 vat,
221 2457 251 2504 ut
270 2447 379 2525 etipse
397 2446 488 2524 possit
506 2464 541 2504 ea
560 2465 632 2522 quae
651 2457 733 2504 recte
757 2447 895 2524 suscepit,
925 2451 1136 2523 competenter

142 2528 307 2592 adserere
340 2529 408 2588 Cum
428 2531 502 2589 eninr
522 2549 559 2588 ex
587 2529 689 2588 divinis
716 2532 865 2609 scripturis
893 2527 1035 2607 integram
1062 2531 1124 2609 quis

110 2617 120 2633 ’“
141 2617 302 2697 susceperit
321 2627 350 2674 et
368 2616 476 2674 lirmunn
498 2614 626 2691 regulam
646 2616 786 2687 veritatis,
807 2609 959 2674 absurdum
978 2632 1035 2673 nou
1054 2615 1122 2686 crit,

141 2703 165 2762 si
185 2700 291 2782 aliquid
311 2703 395 2760 etiam
415 2720 452 2759 ex
475 2698 636 2778 eruditione
654 2701 804 2759 communi
832 2719 867 2759 ac
895 2699 931 2758 de
958 2699 1124 2760 liberalibus

112 2805 118 2811 ·
141 2787 252 2859 studiis,
273 2805 345 2867 quae
364 2788 441 2846 forte
460 2787 488 2844 iu
507 2786 631 2866 pueritia
650 2785 764 2862 adtigit,
784 2784 822 2844 ad
840 2782 1035 2844 adsertionem
1061 2785 1124 2844 veri

141 2871 283 2950 dogmatis
302 2873 445 2944 conferat,
467 2873 505 2929 ita
524 2881 618 2930 tannen
638 2879 668 2930 ut
686 2869 735 2929 ubi
747 2889 816 2930 vera
826 2868 942 2943 didicit,
959 2869 1031 2929 laisa
1045 2872 1124 2928 etsi-

141 2957 245 3016 mulatu
264 2956 400 3016 declinet.
774 3011 778 3017 ,

183 3039 239 3101 db.
286 3041 323 3100 Et
337 3059 399 3100 cum
410 3040 482 3100 haec
494 3039 624 3112 dixisset,
646 3038 682 3099 ad
691 3049 802 3120 putrem
813 3049 938 3098 nostrum
949 3039 1122 3118 respiciens,

141 3130 196 3187 ait:
216 3127 258 3185 'l'u
278 3143 349 3204 ergo
370 3145 472 3197 senen,
493 3127 517 3184 si
536 3123 649 3204 quidem
668 3125 752 3184 saluti
770 3125 880 3184 animae
898 3135 966 3184 tuue
985 3122 1122 3195 consulis,

140 3224 171 3272 ut
189 3231 252 3269 curn
272 3229 398 3290 corpore
415 3211 503 3270 iue'rit
521 3211 658 3282 resolute,
689 3227 742 3288 pro
761 3209 841 3269 brevi
860 3211 916 3268 bac
932 3209 1123 3267 conversione

140 3299 268 3377 requiem
287 3295 414 3354 iuvcuiut
433 3297 645 3374 sempiternum,
666 3297 782 3374 require
801 3294 837 3354 de
852 3294 1004 3374 quibusvis
1014 3303 1044 3352 et
1054 3309 1124 3351 cou-

142 3383 214 3455 sule,
234 3391 266 3441 ut
283 3381 376 3462 possis
395 3383 419 3440 si
438 3379 505 3460 quid
523 3383 552 3440 iu
571 3391 665 3439 tuest
683 3379 867 3439 dubitationis
890 3373 1030 3437 adiicere.
1076 3375 1125 3436 Iu·

142 3478 252 3527 eertum
271 3467 346 3532 euim
365 3475 410 3524 est
428 3465 512 3524 etiam
533 3465 682 3525 iuvenibus
700 3465 777 3524 vitae
796 3476 919 3544 tempus,
934 3463 1055 3523 senibus
1073 3476 1125 3521 au·

130 3562 198 3631 ,tem
216 3553 271 3610 iam
290 3566 345 3610 nec
363 3553 503 3609 incertum
523 3561 583 3622 θεῖς
604 3571 659 3608 uon
679 3551 756 3608 euim
773 3548 929 3619 dubitatur,
950 3551 1017 3631 quin
1036 3565 1125 3626 quan-

141 3647 320 3716 tumcumque
341 3634 478 3714 estquod
496 3644 611 3714 putatur
629 3646 793 3714 superesse,
813 3634 902 3692 breve
916 3633 963 3691 sit.
1009 3627 1124 3689 litideo

142 3731 198 3780 tam
218 3723 335 3780 iuvenes
355 3741 436 3800 quam
455 3739 540 3778 soues
559 3728 677 3797 oportet
695 3717 733 3778 de
751 3715 943 3778 conversionis
969 3725 999 3775 et
1023 3712 1125 3794 poeni-

140 3807 232 3865 tentia
249 3804 333 3864 valde
352 3825 416 3864 esse
435 3806 585 3876 sollicitos,
606 3815 637 3864 et
654 3815 791 3881 satagere
809 3814 840 3860 ut
854 3799 1010 3879 dereliquo
1021 3809 1125 3858 ornent

143 3892 263 3950 animatu
282 3909 360 3949 suum
388 3891 562 3950 ornamentis
589 3887 774 3968 dignissimis,
804 3881 833 3947 id
856 3896 921 3956 est,
945 3882 1124 3969 dogmatibus

797 3970 913 4037 ‚16
