2634 4400
635 322 638 332 ·
670 285 737 348 llll

597 379 810 391 ...n—nnn·—

214 496 341 567 riserint,
361 495 408 555 aio
427 490 463 553 ad
482 512 560 552 cum:
590 490 667 569 quod
684 501 715 549 tu
732 490 762 548 iu
780 509 837 568 quo
854 488 927 549 alios
945 486 1056 569 culpas,
1086 487 1116 547 id
1133 489 1200 568 ipse

213 584 297 652 lacis,
319 582 365 658 qui
383 598 481 639 senem
500 576 690 657 appellaveris
712 585 834 654 patrem.
879 573 986 633 Arete
1003 574 1135 651 negabat
1152 574 1200 632 di-

210 686 300 726 ,ccnsz
319 665 399 724 Vere
418 664 518 723 nescio
536 663 560 721 si
579 680 643 721 eum
662 671 772 739 patrem
790 660 904 718 vocari.
950 658 1066 719 Interea
1093 658 1197 719 Petrus

213 750 380 811 movebatur
398 747 607 828 suspicionibus
624 744 807 825 quibusdam,
836 744 991 823 sicutipse
1008 743 1091 803 uobis
1110 763 1199 803 cuam

213 837 288 895 ravit
305 832 494 914 postmodum,
515 842 546 891 ct
563 832 724 909 respiciens
741 827 777 888 ad
789 828 933 901 Nicetam,
953 828 1072 908 expedi,
1090 829 1196 907 iuquit,

212 919 290 999 quod
307 919 493 998 proposuisti.

255 1004 289 1063 9.
334 1004 403 1064 Tum
423 1003 529 1065 Niccta
546 1002 602 1061 boc
621 1000 706 1060 modo
725 1020 847 1061 exorsus
865 1010 926 1059 este
947 997 1124 1078 0muoquod
1137 1010 1197 1070 est,

213 1101 262 1156 aut
276 1089 399 1167 simplex
418 1098 528 1146 estant
546 1088 744 1164 compositum.
791 1084 873 1161 Quod
891 1086 1012 1163 simplex
1031 1096 1086 1155 est,
1116 1095 1201 1143 earet

177 1228 181 1233 .
212 1192 345 1244 numero,
366 1171 518 1242 divisione,
538 1172 651 1241 colore,
672 1171 846 1242 differentia,
874 1172 1042 1248 asperitate,
1063 1170 1198 1241 lenitate,

214 1255 355 1338 pondere,
376 1257 504 1327 levitate,
525 1257 673 1335 qualitate,
685 1257 856 1335 mandute,
877 1255 953 1315 etob
963 1255 1018 1313 boc
1029 1256 1115 1313 etiam
1126 1256 1197 1313 line.

215 1341 298 1415 Quod
315 1361 385 1402 vero
404 1343 592 1420 compositum
611 1352 666 1413 est,
686 1353 737 1399 aut
753 1361 791 1400 cx
809 1338 919 1404 duobus
936 1350 986 1399 ant
1003 1339 1140 1399 extribus
1149 1350 1200 1399 aut

214 1430 300 1487 etiam
319 1446 357 1487 ex
374 1438 495 1506 quatuor
514 1428 702 1506 compositum
719 1437 776 1496 est,
796 1436 845 1484 aut
858 1436 941 1484 certe
951 1445 989 1485 ex
1007 1425 1147 1503 pluribus,
1169 1435 1202 1484 et

215 1532 287 1591 quae
297 1514 456 1590 composita
464 1522 540 1583 sunt,
552 1512 719 1571 necessario
729 1512 814 1571 etiam
825 1508 912 1569 dividi
921 1521 1051 1589 possunt.
1061 1510 1098 1568 Et
1107 1528 1202 1568 senex

213 1596 333 1657 audiens
351 1598 441 1657 baec:
462 1596 586 1675 Optime,
606 1597 709 1675 iuquit,
729 1608 760 1655 et
778 1595 944 1655 doctissime
962 1594 1047 1664 dicis,
1075 1594 1129 1653 lili.
1161 1594 1203 1653 Et

213 1681 336 1741 Niceta:
357 1681 449 1759 Igitur
467 1680 535 1741 illud
554 1680 628 1760 quod
647 1681 769 1759 simplex
786 1690 832 1739 est
849 1691 881 1738 et
897 1681 942 1741 luis
959 1676 1199 1751 obtumesceret,

216 1766 315 1845 qulbus
333 1768 405 1826 solvi
423 1765 499 1845 quod
517 1766 656 1837 subsistit,
675 1777 784 1843 potest,
803 1767 866 1824 siue
880 1764 1203 1843 dubioineomprebeu·

215 1851 298 1911 sibile
317 1863 347 1911 et
365 1853 529 1911 immensum
548 1862 604 1922 cst,
624 1870 719 1930 neque
745 1852 855 1910 initium
881 1851 967 1909 ullum
991 1869 1086 1929 neque
1114 1852 1202 1911 linem

215 1936 322 2006 sciens,
343 1947 372 1995 et
390 1935 456 1995 ideo
475 1956 559 1996 uuum
578 1947 609 1995 et
625 1937 717 1995 solum
735 1947 792 2009 cst,
812 1946 843 1994 et
868 1937 931 1995 siue
953 1947 1074 1995 anctore
1092 1936 1204 1995 subsis-

216 2031 292 2079 tens.
339 2018 421 2093 Quod
447 2031 541 2081 autem
568 2023 757 2099 compositum
776 2033 837 2092 est,
865 2031 896 2079 et
912 2040 1032 2079 numero
1049 2040 1085 2080 ac
1104 2012 1203 2081 diver·

216 2106 293 2164 sitati
312 2104 500 2184 divisiouiquc
518 2106 662 2177 subiacet,
681 2108 848 2165 necessario
866 2117 986 2165 auctore
1005 2106 1102 2185 aliquo
1120 2126 1204 2166 com·

214 2191 336 2270 positum
356 2202 412 2263 est,
432 2203 517 2270 atque
536 2192 711 2270 inspeciem
730 2190 880 2252 diversitas
898 2204 1091 2271 congregata.
1116 2190 1205 2266 Quod

216 2296 289 2354 ergo
308 2278 473 2336 immensum
491 2289 548 2349 est,
568 2278 698 2338 bonitate
723 2289 807 2356 pater
832 2288 890 2348 cst,
917 2280 1022 2337 virtute
1049 2278 1200 2338 conditor.

214 2360 319 2440 Neque
338 2382 411 2440 crgo
429 2362 572 2422 condendi
589 2365 681 2422 virtus
697 2365 727 2422 iu
744 2365 882 2423 immenso
896 2382 1013 2423 cessare
1022 2366 1127 2442 potuit,
1146 2385 1204 2423 ne-

216 2465 272 2524 que
289 2445 402 2506 bouitas
420 2449 516 2519 otiari,
536 2447 589 2508 sed
607 2448 643 2506 ad
660 2448 859 2508 substituenda
876 2467 912 2506 ea
929 2461 1097 2528 quaesunt,
1115 2449 1204 2527 boni-

216 2540 287 2600 tate,
306 2530 343 2588 ad
361 2531 558 2610 componenda
575 2545 606 2592 et
623 2534 772 2605 firmanda,
791 2537 897 2594 virtute
915 2546 1100 2612 provocatur.
1125 2533 1204 2592 Sub·

216 2615 371 2674 stituuntur
397 2636 469 2694 ergo
496 2629 527 2676 et
545 2631 754 2697 componuntur
772 2619 924 2699 quaedam,
950 2630 982 2678 ut
999 2618 1133 2689 Mnus,
1161 2638 1204 2678 ex

217 2695 327 2756 duobus
344 2700 392 2760 rel
410 2720 448 2760 ex
465 2703 571 2773 tribus,
600 2705 738 2783 quaedam
764 2725 836 2764 vero
863 2725 902 2765 ex
918 2716 1058 2784 quatuor,
1085 2706 1145 2764 alia
1162 2724 1203 2764 ex

216 2779 354 2857 pluribus.
401 2783 461 2843 Sed
479 2790 610 2863 quoniam
628 2809 704 2847 nune
721 2789 805 2849 nobis
822 2790 861 2850 de
877 2789 974 2848 mundi
986 2791 1203 2868 rationequae·

216 2865 290 2922 ritur
307 2865 391 2926 etde
409 2868 567 2929 substantia
584 2874 658 2944 eius,
678 2894 761 2952 mam
779 2894 818 2934 ex
835 2886 957 2953 quatuor
969 2875 1202 2934 elementisesse

217 2952 404 3027 compositam
423 2965 549 3026 constat,
569 2958 615 3014 eui
634 2959 921 3020 omuesillaedeeem
936 2960 1202 3041 differentiaeque

216 3054 302 3112 supra
329 3039 597 3116 comprehendimus
622 3043 769 3116 accidunt,
796 3046 834 3104 ab
859 3046 904 3104 bis
921 3046 1110 3104 inferioribus
1126 3046 1203 3104 inei·

216 3121 331 3200 pientes
349 3122 496 3199 gradibus,
516 3125 554 3184 ad
571 3132 723 3206 superiora
738 3133 899 3190 venienus.
943 3130 1001 3188 Via
1022 3132 1099 3188 enim
1116 3130 1204 3188 nobis

216 3205 255 3266 ad
272 3207 477 3268 intellectualis
495 3222 525 3270 et
542 3213 696 3272 inuisibilia
721 3215 759 3272 ab
780 3215 825 3273 bis
842 3235 917 3294 qnae
933 3213 1063 3274 videmus
1080 3227 1111 3274 et
1129 3236 1204 3274 eon-

215 3303 371 3352 trcetanus
388 3291 482 3364 datur,
502 3298 578 3356 sicum
595 3302 760 3358 continetur
774 3301 805 3358 in
821 3300 1011 3361 arithmeticis
1027 3298 1201 3380 disciplinis,

216 3377 265 3436 ubi
287 3396 350 3436 cam
368 3375 406 3435 de
425 3377 527 3439 divinis
545 3385 704 3460 quaeritur,
722 3385 760 3442 ab
777 3385 965 3444 inferioribus
980 3383 1020 3444 ad
1031 3386 1204 3463 superiores

215 3481 350 3523 numeros
367 3459 563 3536 adscenditur,
583 3487 647 3524 cum
665 3488 736 3526 xero
753 3468 791 3528 de
815 3470 1015 3548 praesentibus
1032 3481 1064 3528 et
1081 3470 1204 3527 risibili-

214 3550 268 3610 bus
284 3546 360 3606 ratio
378 3550 546 3622 exponitur,
566 3550 603 3611 de
621 3555 819 3631 superioribus
836 3554 874 3612 ad
891 3555 1048 3615 interiores
1065 3574 1204 3614 meros

215 3635 288 3698 ordo
307 3629 452 3705 dirigitur·
497 3634 556 3692 Aut
573 3657 631 3695 uon
649 3639 690 3696 ita
707 3643 770 3698 est?

258 3718 314 3784 1⁰.
362 3713 399 3772 Et
416 3733 507 3776 senex
523 3721 579 3779 ait:
598 3721 693 3780 Valde
708 3724 787 3782 bene
802 3727 1000 3804 prosequeris.
1028 3724 1202 3784 EtNieeta:

214 3809 258 3868 lle
277 3797 375 3864 mnudi
393 3818 469 3858 nuuc
486 3822 559 3879 ergo
578 3807 998 3887 ratioueproseqneudunest,
1018 3811 1204 3888 euicsprima

214 3885 347 3972 quaestio
373 3883 402 3940 in
428 3880 500 3942 duas
525 3897 622 3964 partes
648 3889 794 3950 diuiditur.
840 3894 996 3967 Quaeritur
1012 3895 1089 3954 enin
1107 3907 1204 3953 ntru-
