2634 4400
672 278 740 343 10ss

599 372 815 390 ——-

216 492 254 551 lia
272 488 415 569 prioribus
437 498 542 567 agunt,
571 487 710 545 oblivioni
736 487 812 546 enim
838 504 912 565 quae
938 482 1107 545 acciderant
1133 484 1199 545 data

216 587 291 647 sunt,
312 577 351 633 ita
370 586 400 633 ut
417 576 527 653 posteri
546 592 582 631 ne
601 574 656 631 boc
676 574 767 653 ipsum
785 570 899 649 quidem
927 570 1093 642 crederent,
1123 570 1199 651 qnod

217 660 349 719 diluvium
369 661 473 718 lactum
493 669 548 717 est.
579 657 660 717 Unde
679 668 710 716 et
727 658 825 715 statuit
843 655 914 715 dens
930 658 961 713 in
979 658 1125 735 praesenti
1133 676 1199 715 sae·

217 748 281 803 cnlo
301 746 374 803 ultra
392 765 448 803 non
477 745 539 803 lieri
568 743 713 813 diluvium,
742 743 847 819 alioqui
875 740 1030 800 seeundum
1056 743 1198 799 rationem

216 841 402 910 peccatorum
430 848 552 889 necesse
577 839 641 887 erat
659 830 745 886 etiam
763 846 817 906 per
838 828 965 904 singulas
992 829 1198 904 generationes

215 918 270 975 boc
290 916 353 974 lieri
372 914 548 973 infidelitatis
566 915 680 992 gratia3
700 912 753 971 sed
770 915 861 990 magis
887 911 1004 970 indulsit
1029 932 1084 991 per
1100 914 1199 991 singu·

215 1003 258 1059 las
281 1012 384 1078 gentes
411 1002 530 1078 angelos
550 997 683 1076 quosdam
708 1017 799 1075 agere
826 999 1014 1076 principatum
1043 999 1090 1075 qni
1117 998 1199 1055 malis

216 1086 357 1164 gaudent,
387 1085 487 1163 quibus
514 1094 610 1142 tamen
638 1103 673 1141 ea
701 1081 867 1141 conditione
893 1094 1022 1161 potestas
1048 1082 1200 1142 adversum

215 1188 440 1247 unumquemque
459 1169 618 1226 mortalium
638 1167 704 1225 data
722 1178 778 1239 est,
799 1170 823 1226 si
841 1170 919 1246 prins
941 1169 1045 1247 seipse
1057 1169 1199 1247 quispec-

216 1254 308 1313 cando
328 1256 370 1312 eis
389 1255 508 1313 lecisset
526 1254 692 1323 obnoxium,
714 1252 807 1311 donec
827 1252 978 1311 adveniret
994 1253 1043 1312 ille
1071 1256 1119 1332 qni
1147 1253 1199 1310 bo·

215 1342 259 1399 nis
286 1337 406 1417 gaudet,
426 1350 457 1398 ct
475 1340 671 1417 compleretur
688 1359 742 1417 per
767 1341 858 1417 ipsum
886 1358 1019 1396 numerus
1046 1340 1196 1410 iustorum,

216 1436 246 1485 et
260 1416 316 1505 per
334 1445 445 1506 omnem
464 1424 594 1484 mundum
614 1435 769 1485 crescente
788 1422 966 1482 multitudine
993 1425 1115 1501 piorum,
1145 1424 1199 1481 ali-

216 1530 269 1590 qua
289 1531 325 1570 ex
343 1510 651 1595 parte-reprimeretur
672 1511 805 1588 impietas
828 1520 858 1568 et
879 1511 1078 1568 innotesceret
1107 1510 1199 1567 omni·

214 1598 278 1667 bus,
299 1598 365 1673 quia
383 1615 466 1656 omne
485 1593 561 1673 quod
579 1596 682 1653 bonum
701 1606 747 1653 cst
764 1616 781 1652 a
799 1594 855 1653 deo
874 1595 916 1655 lit.

256 1680 313 1740 51.
361 1682 405 1739 1⁴21
423 1682 535 1740 arbitrii
562 1691 655 1739 autem
685 1680 817 1741 libertate
836 1681 1027 1759 unusquisque
1054 1680 1198 1738 bominum

196 1766 279 1825 'dum
298 1766 462 1825 increduius
481 1778 525 1825 est
543 1765 579 1825 de
598 1767 712 1837 lutaris,
733 1786 786 1845 per
801 1766 891 1823 malos
914 1777 995 1823 actus
1021 1766 1143 1824 incurrit
1170 1767 1198 1823 in

215 1853 298 1910 mala.
346 1851 384 1909 Et
401 1852 473 1910 baec
492 1862 557 1910 sunt
576 1870 648 1928 quae
667 1850 801 1909 videntur
819 1852 847 1908 in
865 1848 971 1910 mundo
990 1861 1092 1917 eontra
1119 1849 1199 1909 ordi·

216 1955 279 1994 nem
298 1938 374 2013 geri,
395 1937 496 2014 quibus
514 1956 642 2006 caussas,
664 1946 695 1993 ut
713 1947 822 2007 essent,
841 1934 995 1993 inlidelitns
1019 1934 1109 1995 dedit.
1129 1935 1199 1993 tti-

215 2019 304 2081 randa
322 2022 410 2111 igitur
428 2040 483 2099 per
509 2022 603 2079 omnia
632 2031 679 2079 est
695 2019 809 2080 divinae
827 2019 1025 2099 providentiae
1049 2018 1199 2099 dispensa·

215 2108 267 2177 tio,
289 2125 362 2185 quae
380 2106 423 2163 bis
442 2108 489 2184 qui
508 2106 589 2163 initio
609 2106 731 2175 fuerint,
752 2107 854 2164 bonam
882 2105 994 2185 quidem
1021 2108 1093 2164 viam
1121 2108 1198 2165 vitae

215 2190 424 2263 incedentibus,
445 2192 527 2250 bonis
545 2191 808 2271 incorruptibilibus
826 2190 904 2251 dedit
923 2193 1047 2271 perlrui;
1067 2190 1198 2250 nbivero

214 2289 420 2356 peccaverunt,
443 2277 521 2352 [unali
540 2279 681 2355 originem
704 2289 827 2355 peccato
854 2279 985 2356 pariente
1007 2282 1197 2352 sumseruntJ,

215 2375 245 2422 et
263 2365 414 2442 unicuique
432 2363 508 2422 buno
528 2365 608 2442 quasi
626 2361 747 2442 quodam
767 2364 892 2440 coniugii
911 2361 1032 2422 loedere
1056 2382 1093 2421 ex
1114 2375 1199 2441 parte

214 2450 327 2527 peccati
346 2449 485 2506 sociatum
506 2460 550 2507 est
567 2448 681 2520 malum,
702 2449 834 2526 quoniam
854 2447 967 2528 quidem
987 2450 1108 2506 bumana
1132 2467 1198 2506 san-

215 2535 301 2611 guine
319 2545 398 2592 terra
415 2535 522 2612 polluta
540 2543 595 2604 est,
616 2544 647 2593 et
665 2552 734 2592 arae
753 2532 937 2592 daemonibus
955 2553 1125 2604 succensae,
1146 2553 1199 2592 ae·

123 2641 131 2656 .
215 2637 275 2676 rem
294 2638 407 2697 quoque
426 2620 516 2696 ipsum
535 2621 646 2677 incesto
666 2617 874 2677 sacrificiorum
901 2620 978 2678 inmo
1004 2629 1195 2688 temeraruut,

215 2704 302 2761 etita
320 2702 430 2762 demum
449 2714 584 2783 corrupta
602 2705 682 2781 prius
701 2704 842 2762 elementa
864 2704 1025 2763 bominibus
1044 2714 1198 2783 corrupte·
1290 2760 1296 2768 ,

214 2788 259 2846 lae
277 2788 387 2856 vitium,
408 2788 485 2846 velut
502 2787 616 2846 radices
634 2789 721 2846 rantis
739 2809 774 2847 ac
793 2789 933 2848 fructibus
951 2789 1142 2848 tradiderunt.

255 2869 314 2931 52.
360 2871 436 2930 Vide
456 2891 528 2950 ergo
546 2874 574 2931 in
594 2873 660 2945 boc,
682 2885 713 2931 ut
731 2873 801 2946 dixi,
822 2868 907 2952 quarn
923 2875 996 2932 iuste
1022 2875 1130 2933 vitiatis
1147 2893 1197 2933 re·

213 2956 265 3032 bus
283 2955 463 3036 providentia
482 2956 576 3016 divina
594 2961 748 3030 succurrit,
770 2971 801 3017 ut
810 2961 941 3037 quoniam
952 2960 1034 3018 bonis
1044 2958 1103 3030 dei,
1123 2961 1197 3017 mala

215 3061 286 3122 quae
306 3061 342 3104 ex
359 3053 482 3122 peccato
502 3043 642 3121 originem
662 3055 822 3103 sumserunt
848 3047 959 3104 sociata
978 3056 1058 3117 sunt,
1088 3043 1197 3104 duabus

213 3128 257 3186 bis
275 3129 401 3206 partibus
420 3127 491 3188 duos
509 3131 654 3208 principes
672 3140 806 3208 poneret,
827 3141 858 3187 et
875 3131 902 3188 ei
921 3125 969 3209 ipui
987 3128 1071 3188 bonis
1089 3128 1197 3208 gaudet

212 3213 351 3272 bonorum
371 3212 512 3286 ordinem,
534 3217 581 3295 qui
600 3214 637 3273 ad
655 3213 740 3273 iidem
757 3214 956 3294 providentiae
974 3233 1045 3274 suae
1071 3213 1196 3273 creden·

213 3297 444 3370 tes'adduceret,
466 3297 580 3372 statuit,
601 3301 629 3358 ei
648 3317 717 3357 vero
741 3291 886 3378 qni'malis
912 3299 1030 3377 gaudet,
1059 3317 1094 3358 ea
1121 3319 1195 3378 quae

213 3393 313 3441 contra
332 3383 460 3444 ordinem
480 3396 510 3443 ct
527 3383 667 3442 inutiliter
684 3383 833 3460 geruntur,
854 3405 891 3444 ex
909 3384 1008 3463 quibus
1026 3388 1088 3444 sine
1108 3384 1196 3443 dubio

212 3468 297 3526 etiarn
316 3468 513 3546 providentiae
532 3468 603 3527 fides
621 3469 649 3526 in
669 3467 782 3528 dubium
799 3471 911 3542 veniat,
933 3482 963 3528 et
980 3470 1196 3548 b'abitaestper

210 3553 267 3610 hoc
286 3573 302 3610 a
320 3554 394 3612 iusto
414 3553 469 3613 deo
487 3556 561 3612 iusta
579 3552 693 3612 divisio.
742 3555 814 3614 llinc
842 3575 914 3634 ergo
942 3566 997 3627 est,
1026 3554 1101 3634 quod
1129 3573 1195 3613 curn

212 3636 358 3698 ordinatus
376 3650 516 3696 astrorum
535 3657 640 3698 cursus·
654 3637 738 3699 iidem
756 3641 846 3700 faciat
867 3659 950 3699 menn
977 3639 1096 3698 artificis
1123 3659 1195 3698 con-

212 3721 298 3782 ditum
317 3721 460 3794 mundum,
482 3742 591 3782 rursum
619 3724 800 3783 conturbatio
826 3722 915 3797 aeris,
945 3743 1015 3784 aura
1040 3725 1192 3804 pestilens,

210 3807 354 3865 bulmiuum
372 3809 439 3886 vagi
458 3808 552 3885 ignes,
573 3806 772 3886 providentiae
791 3828 863 3888 opus
885 3811 1043 3870 refellant«
1079 3810 1195 3870 liabent

212 3891 297 3961 enim,
318 3901 349 3948 ut
367 3888 498 3962 diximus,
518 3891 631 3970 singula
648 3893 888 3973 quaequebona,
909 3895 1061 3964 cointraria¹
1072 3906 1103 3954 et
1119 3891 1194 3964 conf
