<?xml version="1.0" encoding="UTF-8"?>
<!DOCTYPE html PUBLIC "-//W3C//DTD XHTML 1.0 Transitional//EN"
    "http://www.w3.org/TR/xhtml1/DTD/xhtml1-transitional.dtd">
<html xmlns="http://www.w3.org/1999/xhtml" xml:lang="en" lang="en">
 <head>
  <title>
</title>
<meta http-equiv="Content-Type" content="text/html;charset=utf-8" />
  <meta name='ocr-system' content='tesseract 3.04.00' />
  <meta name='ocr-capabilities' content='ocr_page ocr_carea ocr_par ocr_line ocrx_word'/>
</head>
<body>
  <div class='ocr_page' id='page_1' title='image "./recognitionesru00gersgoog_0180.png"; bbox 0 0 2634 4400; ppageno 0'>
   <div class='ocr_carea' id='block_1_1' title="bbox 639 284 706 345">
    <p class='ocr_par' dir='ltr' id='par_1_1' title="bbox 639 284 706 345">
     <span class='ocr_line' id='line_1_1' title="bbox 639 284 706 345; baseline -0.015 0"><span class='ocrx_word' id='word_1_1' title='bbox 639 284 706 345; x_wconf 77' lang='lat'><strong>180</strong></span> 
     </span>
    </p>
   </div>
   <div class='ocr_carea' id='block_1_2' title="bbox 565 376 780 389">
    <p class='ocr_par' dir='ltr' id='par_1_2' title="bbox 565 376 780 389">
     <span class='ocr_line' id='line_1_2' title="bbox 565 376 780 389; baseline 0 -2"><span class='ocrx_word' id='word_1_2' title='bbox 565 376 780 389; x_wconf 53' lang='lat' dir='ltr'><strong>m</strong></span> 
     </span>
    </p>
   </div>
   <div class='ocr_carea' id='block_1_3' title="bbox 149 485 1259 1506">
    <p class='ocr_par' dir='ltr' id='par_1_3' title="bbox 149 485 1259 1506">
     <span class='ocr_line' id='line_1_3' title="bbox 184 485 1170 571; baseline -0.005 -18"><span class='ocrx_word' id='word_1_3' title='bbox 184 494 258 553; x_wconf 87' lang='lat' dir='ltr'><strong>enim</strong></span> <span class='ocrx_word' id='word_1_4' title='bbox 277 492 449 571; x_wconf 86' lang='lat' dir='ltr'><strong>corpuscula</strong></span> <span class='ocrx_word' id='word_1_5' title='bbox 465 492 529 569; x_wconf 86' lang='lat' dir='ltr'><strong>ipsa</strong></span> <span class='ocrx_word' id='word_1_6' title='bbox 548 508 621 568; x_wconf 90' lang='lat' dir='ltr'><strong>quae</strong></span> <span class='ocrx_word' id='word_1_7' title='bbox 639 498 750 549; x_wconf 80' lang='lat' dir='ltr'><strong>atomos</strong></span> <span class='ocrx_word' id='word_1_8' title='bbox 768 487 923 567; x_wconf 90' lang='lat' dir='ltr'><strong>appellant,</strong></span> <span class='ocrx_word' id='word_1_9' title='bbox 953 485 1075 547; x_wconf 85' lang='lat' dir='ltr'><strong>dirersis</strong></span> <span class='ocrx_word' id='word_1_10' title='bbox 1101 508 1170 549; x_wconf 85' lang='lat' dir='ltr'><strong>esse</strong></span> 
     </span>
     <span class='ocr_line' id='line_1_4' title="bbox 149 570 1185 657; baseline -0.003 -21"><span class='ocrx_word' id='word_1_11' title='bbox 149 590 154 603; x_wconf 81' lang='grc'><strong>“</strong></span> <span class='ocrx_word' id='word_1_12' title='bbox 184 577 376 657; x_wconf 86' lang='lat' dir='ltr'><strong>qualitatibus,</strong></span> <span class='ocrx_word' id='word_1_13' title='bbox 397 586 428 635; x_wconf 90' lang='lat' dir='ltr'><strong>et</strong></span> <span class='ocrx_word' id='word_1_14' title='bbox 445 575 500 633; x_wconf 88' lang='lat' dir='ltr'><strong>alia</strong></span> <span class='ocrx_word' id='word_1_15' title='bbox 520 574 632 654; x_wconf 88' lang='lat' dir='ltr'><strong>quidem</strong></span> <span class='ocrx_word' id='word_1_16' title='bbox 651 570 1185 651; x_wconf 54' lang='lat' dir='ltr'><strong>bumidaetobbocgravianedeor?</strong></span> 
     </span>
     <span class='ocr_line' id='line_1_5' title="bbox 184 659 1171 737; baseline -0.006 -14"><span class='ocrx_word' id='word_1_17' title='bbox 184 682 244 723; x_wconf 93' lang='lat' dir='ltr'><strong>sum</strong></span> <span class='ocrx_word' id='word_1_18' title='bbox 262 661 421 733; x_wconf 77' lang='lat' dir='ltr'><strong>tendentia,</strong></span> <span class='ocrx_word' id='word_1_19' title='bbox 442 662 497 719; x_wconf 89' lang='lat' dir='ltr'><strong>alia</strong></span> <span class='ocrx_word' id='word_1_20' title='bbox 514 680 584 720; x_wconf 85' lang='lat' dir='ltr'><strong>vero</strong></span> <span class='ocrx_word' id='word_1_21' title='bbox 604 660 684 719; x_wconf 87' lang='lat' dir='ltr'><strong>arida</strong></span> <span class='ocrx_word' id='word_1_22' title='bbox 703 670 733 718; x_wconf 88' lang='lat' dir='ltr'><strong>et</strong></span> <span class='ocrx_word' id='word_1_23' title='bbox 746 670 867 718; x_wconf 87' lang='lat' dir='ltr'><strong>terrena</strong></span> <span class='ocrx_word' id='word_1_24' title='bbox 890 669 975 737; x_wconf 85' lang='lat' dir='ltr'><strong>utque</strong></span> <span class='ocrx_word' id='word_1_25' title='bbox 995 659 1031 717; x_wconf 92' lang='lat' dir='ltr'><strong>ob</strong></span> <span class='ocrx_word' id='word_1_26' title='bbox 1049 659 1105 717; x_wconf 89' lang='lat' dir='ltr'><strong>lroc</strong></span> <span class='ocrx_word' id='word_1_27' title='bbox 1123 660 1171 717; x_wconf 92' lang='lat' dir='ltr'><strong>ni·</strong></span> 
     </span>
     <span class='ocr_line' id='line_1_6' title="bbox 184 744 1171 825; baseline -0.003 -19"><span class='ocrx_word' id='word_1_28' title='bbox 184 748 335 816; x_wconf 86' lang='lat' dir='ltr'><strong>bilominus</strong></span> <span class='ocrx_word' id='word_1_29' title='bbox 353 748 463 825; x_wconf 69' lang='lat' dir='ltr'><strong>gravia,</strong></span> <span class='ocrx_word' id='word_1_30' title='bbox 484 746 541 804; x_wconf 89' lang='lat' dir='ltr'><strong>alia</strong></span> <span class='ocrx_word' id='word_1_31' title='bbox 559 756 653 804; x_wconf 90' lang='lat' dir='ltr'><strong>autem</strong></span> <span class='ocrx_word' id='word_1_32' title='bbox 672 747 759 822; x_wconf 77' lang='lat' dir='ltr'><strong>ignea</strong></span> <span class='ocrx_word' id='word_1_33' title='bbox 777 755 812 803; x_wconf 86' lang='lat' dir='ltr'><strong>et</strong></span> <span class='ocrx_word' id='word_1_34' title='bbox 825 744 862 801; x_wconf 94' lang='lat' dir='ltr'><strong>ob</strong></span> <span class='ocrx_word' id='word_1_35' title='bbox 881 745 937 802; x_wconf 87' lang='lat' dir='ltr'><strong>boc</strong></span> <span class='ocrx_word' id='word_1_36' title='bbox 955 764 1065 803; x_wconf 84' lang='lat' dir='ltr'><strong>sursum</strong></span> <span class='ocrx_word' id='word_1_37' title='bbox 1092 764 1171 803; x_wconf 89' lang='lat' dir='ltr'><strong>sem-</strong></span> 
     </span>
     <span class='ocr_line' id='line_1_7' title="bbox 183 829 1196 912; baseline -0.006 -19"><span class='ocrx_word' id='word_1_38' title='bbox 183 852 237 912; x_wconf 89' lang='lat' dir='ltr'><strong>per</strong></span> <span class='ocrx_word' id='word_1_39' title='bbox 255 832 387 903; x_wconf 82' lang='lat' dir='ltr'>nitentia,</span> <span class='ocrx_word' id='word_1_40' title='bbox 407 832 462 891; x_wconf 85' lang='lat' dir='ltr'><strong>alia</strong></span> <span class='ocrx_word' id='word_1_41' title='bbox 479 850 550 890; x_wconf 87' lang='lat' dir='ltr'><strong>vero</strong></span> <span class='ocrx_word' id='word_1_42' title='bbox 570 829 676 908; x_wconf 76' lang='lat' dir='ltr'><strong>frigida</strong></span> <span class='ocrx_word' id='word_1_43' title='bbox 694 841 725 888; x_wconf 90' lang='lat' dir='ltr'><strong>et</strong></span> <span class='ocrx_word' id='word_1_44' title='bbox 742 829 778 887; x_wconf 93' lang='lat' dir='ltr'><strong>ob</strong></span> <span class='ocrx_word' id='word_1_45' title='bbox 802 829 857 886; x_wconf 87' lang='lat' dir='ltr'><strong>lroc</strong></span> <span class='ocrx_word' id='word_1_46' title='bbox 885 831 970 907; x_wconf 77' lang='lat' dir='ltr'><strong>pigra</strong></span> <span class='ocrx_word' id='word_1_47' title='bbox 997 840 1028 887; x_wconf 91' lang='lat' dir='ltr'><strong>et</strong></span> <span class='ocrx_word' id='word_1_48' title='bbox 1053 849 1171 909; x_wconf 87' lang='lat' dir='ltr'><strong>semper</strong></span> <span class='ocrx_word' id='word_1_49' title='bbox 1192 829 1196 843; x_wconf 86' lang='lat'><em>&#39;</em></span> 
     </span>
     <span class='ocr_line' id='line_1_8' title="bbox 185 913 1172 994; baseline -0.006 -17"><span class='ocrx_word' id='word_1_50' title='bbox 185 916 289 977; x_wconf 88' lang='lat' dir='ltr'><strong>media.</strong></span> <span class='ocrx_word' id='word_1_51' title='bbox 337 916 485 990; x_wconf 83' lang='lat' dir='ltr'><strong>Quomodo</strong></span> <span class='ocrx_word' id='word_1_52' title='bbox 504 936 576 994; x_wconf 83' lang='lat' dir='ltr'><strong>ergo</strong></span> <span class='ocrx_word' id='word_1_53' title='bbox 596 935 659 973; x_wconf 90' lang='lat' dir='ltr'><strong>oum</strong></span> <span class='ocrx_word' id='word_1_54' title='bbox 687 915 744 974; x_wconf 84' lang='lat' dir='ltr'><strong>alie</strong></span> <span class='ocrx_word' id='word_1_55' title='bbox 770 932 886 993; x_wconf 85' lang='lat' dir='ltr'><strong>semper</strong></span> <span class='ocrx_word' id='word_1_56' title='bbox 912 934 1021 974; x_wconf 87' lang='lat' dir='ltr'><strong>sursum</strong></span> <span class='ocrx_word' id='word_1_57' title='bbox 1048 913 1172 973; x_wconf 87' lang='lat' dir='ltr'><strong>tendant</strong></span> 
     </span>
     <span class='ocr_line' id='line_1_9' title="bbox 186 998 1167 1081; baseline -0.005 -19"><span class='ocrx_word' id='word_1_58' title='bbox 186 1014 285 1081; x_wconf 78' lang='lat' dir='ltr'><strong>utpote</strong></span> <span class='ocrx_word' id='word_1_59' title='bbox 303 1003 400 1079; x_wconf 76' lang='lat' dir='ltr'><strong>ignea,</strong></span> <span class='ocrx_word' id='word_1_60' title='bbox 422 1014 452 1061; x_wconf 91' lang='lat' dir='ltr'><strong>et</strong></span> <span class='ocrx_word' id='word_1_61' title='bbox 469 1002 524 1061; x_wconf 88' lang='lat' dir='ltr'><strong>alia</strong></span> <span class='ocrx_word' id='word_1_62' title='bbox 534 1020 649 1079; x_wconf 86' lang='lat' dir='ltr'><strong>semper</strong></span> <span class='ocrx_word' id='word_1_63' title='bbox 658 1000 792 1058; x_wconf 89' lang='lat' dir='ltr'><strong>deorsum</strong></span> <span class='ocrx_word' id='word_1_64' title='bbox 801 1009 902 1077; x_wconf 91' lang='lat' dir='ltr'><strong>utpote</strong></span> <span class='ocrx_word' id='word_1_65' title='bbox 912 998 1026 1057; x_wconf 90' lang='lat' dir='ltr'><strong>bumida</strong></span> <span class='ocrx_word' id='word_1_66' title='bbox 1035 1010 1065 1058; x_wconf 90' lang='lat' dir='ltr'><strong>et</strong></span> <span class='ocrx_word' id='word_1_67' title='bbox 1073 999 1167 1070; x_wconf 84' lang='lat' dir='ltr'><strong>arida,</strong></span> 
     </span>
     <span class='ocr_line' id='line_1_10' title="bbox 185 1084 1169 1164; baseline -0.004 -17"><span class='ocrx_word' id='word_1_68' title='bbox 185 1090 241 1147; x_wconf 90' lang='lat' dir='ltr'><strong>alia</strong></span> <span class='ocrx_word' id='word_1_69' title='bbox 259 1107 330 1145; x_wconf 91' lang='lat' dir='ltr'><strong>vero</strong></span> <span class='ocrx_word' id='word_1_70' title='bbox 349 1086 442 1145; x_wconf 89' lang='lat' dir='ltr'><strong>media</strong></span> <span class='ocrx_word' id='word_1_71' title='bbox 461 1098 491 1145; x_wconf 86' lang='lat' dir='ltr'><strong>ct</strong></span> <span class='ocrx_word' id='word_1_72' title='bbox 509 1106 565 1143; x_wconf 90' lang='lat' dir='ltr'><strong>non</strong></span> <span class='ocrx_word' id='word_1_73' title='bbox 584 1086 696 1164; x_wconf 87' lang='lat' dir='ltr'><strong>aequali</strong></span> <span class='ocrx_word' id='word_1_74' title='bbox 715 1104 800 1143; x_wconf 89' lang='lat' dir='ltr'><strong>cursu</strong></span> <span class='ocrx_word' id='word_1_75' title='bbox 819 1084 966 1155; x_wconf 76' lang='lat' dir='ltr'>incedant,</span> <span class='ocrx_word' id='word_1_76' title='bbox 986 1086 1068 1143; x_wconf 87' lang='lat' dir='ltr'><strong>coire</strong></span> <span class='ocrx_word' id='word_1_77' title='bbox 1087 1085 1169 1143; x_wconf 89' lang='lat' dir='ltr'><strong>simul</strong></span> 
     </span>
     <span class='ocr_line' id='line_1_11' title="bbox 186 1168 1171 1252; baseline -0.003 -21"><span class='ocrx_word' id='word_1_78' title='bbox 186 1182 340 1252; x_wconf 86' lang='lat' dir='ltr'><strong>potuerunt</strong></span> <span class='ocrx_word' id='word_1_79' title='bbox 359 1183 389 1231; x_wconf 92' lang='lat' dir='ltr'><strong>et</strong></span> <span class='ocrx_word' id='word_1_80' title='bbox 405 1190 490 1229; x_wconf 90' lang='lat' dir='ltr'><strong>unum</strong></span> <span class='ocrx_word' id='word_1_81' title='bbox 510 1190 615 1248; x_wconf 90' lang='lat' dir='ltr'><strong>corpus</strong></span> <span class='ocrx_word' id='word_1_82' title='bbox 634 1171 775 1230; x_wconf 79' lang='lat' dir='ltr'><strong>efiiceret</strong></span> <span class='ocrx_word' id='word_1_83' title='bbox 803 1169 833 1229; x_wconf 89' lang='lat' dir='ltr'><strong>Si</strong></span> <span class='ocrx_word' id='word_1_84' title='bbox 853 1171 915 1247; x_wconf 87' lang='lat' dir='ltr'><strong>quis</strong></span> <span class='ocrx_word' id='word_1_85' title='bbox 934 1171 1008 1229; x_wconf 90' lang='lat' dir='ltr'><strong>euim</strong></span> <span class='ocrx_word' id='word_1_86' title='bbox 1027 1168 1064 1228; x_wconf 88' lang='lat' dir='ltr'><strong>dc</strong></span> <span class='ocrx_word' id='word_1_87' title='bbox 1082 1188 1171 1247; x_wconf 86' lang='lat' dir='ltr'><strong>supe-</strong></span> 
     </span>
     <span class='ocr_line' id='line_1_12' title="bbox 185 1253 1170 1334; baseline -0.003 -18"><span class='ocrx_word' id='word_1_88' title='bbox 185 1256 327 1327; x_wconf 86' lang='lat' dir='ltr'><strong>rioribus,</strong></span> <span class='ocrx_word' id='word_1_89' title='bbox 357 1256 437 1315; x_wconf 89' lang='lat' dir='ltr'><strong>verbi</strong></span> <span class='ocrx_word' id='word_1_90' title='bbox 465 1258 558 1333; x_wconf 85' lang='lat' dir='ltr'><strong>gratia</strong></span> <span class='ocrx_word' id='word_1_91' title='bbox 581 1256 783 1319; x_wconf 78' lang='lat' dir='ltr'><strong>minutissimas</strong></span> <span class='ocrx_word' id='word_1_92' title='bbox 800 1255 911 1334; x_wconf 86' lang='lat' dir='ltr'><strong>paleas,</strong></span> <span class='ocrx_word' id='word_1_93' title='bbox 931 1266 962 1315; x_wconf 87' lang='lat' dir='ltr'><strong>et</strong></span> <span class='ocrx_word' id='word_1_94' title='bbox 984 1253 1020 1313; x_wconf 88' lang='lat' dir='ltr'><strong>ad</strong></span> <span class='ocrx_word' id='word_1_95' title='bbox 1047 1255 1170 1313; x_wconf 87' lang='lat' dir='ltr'><strong>eandem</strong></span> 
     </span>
     <span class='ocr_line' id='line_1_13' title="bbox 186 1338 1169 1420; baseline -0.006 -17"><span class='ocrx_word' id='word_1_96' title='bbox 186 1340 407 1420; x_wconf 83' lang='lat' dir='ltr'><strong>magnitudinem</strong></span> <span class='ocrx_word' id='word_1_97' title='bbox 426 1340 602 1399; x_wconf 84' lang='lat' dir='ltr'><strong>minutissimi</strong></span> <span class='ocrx_word' id='word_1_98' title='bbox 617 1341 727 1419; x_wconf 82' lang='lat' dir='ltr'><strong>plumbi</strong></span> <span class='ocrx_word' id='word_1_99' title='bbox 746 1341 900 1419; x_wconf 81' lang='lat' dir='ltr'><strong>particulas</strong></span> <span class='ocrx_word' id='word_1_100' title='bbox 918 1338 1051 1399; x_wconf 89' lang='lat' dir='ltr'><strong>deorsum</strong></span> <span class='ocrx_word' id='word_1_101' title='bbox 1068 1341 1169 1411; x_wconf 87' lang='lat' dir='ltr'><strong>iaciat,</strong></span> 
     </span>
     <span class='ocr_line' id='line_1_14' title="bbox 187 1418 1259 1506; baseline -0.002 -19"><span class='ocrx_word' id='word_1_102' title='bbox 187 1426 319 1506; x_wconf 92' lang='lat' dir='ltr'><strong>numquid</strong></span> <span class='ocrx_word' id='word_1_103' title='bbox 337 1437 473 1506; x_wconf 88' lang='lat' dir='ltr'><strong>poterunt</strong></span> <span class='ocrx_word' id='word_1_104' title='bbox 491 1427 617 1505; x_wconf 88' lang='lat' dir='ltr'><strong>quamvis</strong></span> <span class='ocrx_word' id='word_1_105' title='bbox 635 1427 770 1505; x_wconf 86' lang='lat' dir='ltr'><strong>aequales</strong></span> <span class='ocrx_word' id='word_1_106' title='bbox 788 1428 845 1485; x_wconf 88' lang='lat' dir='ltr'><strong>sint</strong></span> <span class='ocrx_word' id='word_1_107' title='bbox 862 1424 1068 1503; x_wconf 87' lang='lat' dir='ltr'><strong>magnitudine,</strong></span> <span class='ocrx_word' id='word_1_108' title='bbox 1090 1427 1172 1485; x_wconf 85' lang='lat' dir='ltr'><strong>leves</strong></span> <span class='ocrx_word' id='word_1_109' title='bbox 1254 1418 1259 1443; x_wconf 73' lang='lat'><strong>¹</strong></span> 
     </span>
    </p>
   </div>
   <div class='ocr_carea' id='block_1_4' title="bbox 81 1508 1276 1675">
    <p class='ocr_par' dir='ltr' id='par_1_4' title="bbox 81 1508 1276 1675">
     <span class='ocr_line' id='line_1_15' title="bbox 81 1508 1173 1592; baseline -0.004 -19"><span class='ocrx_word' id='word_1_110' title='bbox 81 1508 85 1521; x_wconf 85' lang='lat'><em>&#39;</em></span> <span class='ocrx_word' id='word_1_111' title='bbox 186 1515 287 1592; x_wconf 86' lang='lat' dir='ltr'><strong>paleae</strong></span> <span class='ocrx_word' id='word_1_112' title='bbox 307 1523 403 1591; x_wconf 91' lang='lat' dir='ltr'><strong>partes</strong></span> <span class='ocrx_word' id='word_1_113' title='bbox 422 1511 525 1591; x_wconf 86' lang='lat' dir='ltr'><strong>plumbi</strong></span> <span class='ocrx_word' id='word_1_114' title='bbox 544 1512 698 1590; x_wconf 87' lang='lat' dir='ltr'><strong>particulas</strong></span> <span class='ocrx_word' id='word_1_115' title='bbox 717 1512 872 1589; x_wconf 75' lang='lat' dir='ltr'><strong>consequi?</strong></span> <span class='ocrx_word' id='word_1_116' title='bbox 891 1511 979 1588; x_wconf 77' lang='lat' dir='ltr'><strong>longe</strong></span> <span class='ocrx_word' id='word_1_117' title='bbox 997 1511 1072 1569; x_wconf 91' lang='lat' dir='ltr'><strong>enim</strong></span> <span class='ocrx_word' id='word_1_118' title='bbox 1090 1511 1173 1569; x_wconf 85' lang='lat' dir='ltr'><strong>velo·</strong></span> 
     </span>
     <span class='ocr_line' id='line_1_16' title="bbox 188 1596 1276 1675; baseline -0.005 -18"><span class='ocrx_word' id='word_1_119' title='bbox 188 1600 248 1657; x_wconf 88' lang='lat' dir='ltr'><strong>cius</strong></span> <span class='ocrx_word' id='word_1_120' title='bbox 267 1596 303 1655; x_wconf 88' lang='lat' dir='ltr'><strong>ad</strong></span> <span class='ocrx_word' id='word_1_121' title='bbox 312 1599 395 1657; x_wconf 91' lang='lat' dir='ltr'><strong>imum</strong></span> <span class='ocrx_word' id='word_1_122' title='bbox 406 1599 540 1675; x_wconf 84' lang='lat' dir='ltr'><strong>graviora</strong></span> <span class='ocrx_word' id='word_1_123' title='bbox 548 1598 729 1675; x_wconf 87' lang='lat' dir='ltr'><strong>perveniunt.</strong></span> <span class='ocrx_word' id='word_1_124' title='bbox 759 1596 802 1655; x_wconf 92' lang='lat' dir='ltr'><strong>lta</strong></span> <span class='ocrx_word' id='word_1_125' title='bbox 816 1615 888 1674; x_wconf 81' lang='lat' dir='ltr'><strong>ergo</strong></span> <span class='ocrx_word' id='word_1_126' title='bbox 899 1598 1037 1667; x_wconf 87' lang='lat' dir='ltr'><strong>etutomi,</strong></span> <span class='ocrx_word' id='word_1_127' title='bbox 1056 1596 1172 1655; x_wconf 88' lang='lat' dir='ltr'><strong>etiamsi</strong></span> <span class='ocrx_word' id='word_1_128' title='bbox 1270 1649 1276 1652; x_wconf 87' lang='lat'>.</span> 
     </span>
    </p>
   </div>
   <div class='ocr_carea' id='block_1_5' title="bbox 160 1680 1253 3634">
    <p class='ocr_par' dir='ltr' id='par_1_5' title="bbox 187 1680 1172 2003">
     <span class='ocr_line' id='line_1_17' title="bbox 187 1680 1172 1761; baseline -0.001 -20"><span class='ocrx_word' id='word_1_129' title='bbox 187 1682 380 1761; x_wconf 84' lang='lat' dir='ltr'><strong>magnitudine</strong></span> <span class='ocrx_word' id='word_1_130' title='bbox 399 1683 533 1761; x_wconf 79' lang='lat' dir='ltr'><strong>aequales</strong></span> <span class='ocrx_word' id='word_1_131' title='bbox 552 1683 618 1752; x_wconf 86' lang='lat' dir='ltr'><strong>siut,</strong></span> <span class='ocrx_word' id='word_1_132' title='bbox 640 1680 770 1760; x_wconf 88' lang='lat' dir='ltr'><strong>pondere</strong></span> <span class='ocrx_word' id='word_1_133' title='bbox 788 1693 883 1740; x_wconf 88' lang='lat' dir='ltr'><strong>tamen</strong></span> <span class='ocrx_word' id='word_1_134' title='bbox 901 1682 1078 1760; x_wconf 74' lang='lat' dir='ltr'><strong>inaequales,</strong></span> <span class='ocrx_word' id='word_1_135' title='bbox 1098 1701 1172 1740; x_wconf 88' lang='lat' dir='ltr'><strong>nuu-</strong></span> 
     </span>
     <span class='ocr_line' id='line_1_18' title="bbox 188 1765 1172 1848; baseline -0.002 -21"><span class='ocrx_word' id='word_1_136' title='bbox 188 1789 269 1848; x_wconf 89' lang='lat' dir='ltr'><strong>quam</strong></span> <span class='ocrx_word' id='word_1_137' title='bbox 287 1776 424 1847; x_wconf 87' lang='lat' dir='ltr'><strong>poterunt</strong></span> <span class='ocrx_word' id='word_1_138' title='bbox 439 1786 511 1846; x_wconf 88' lang='lat' dir='ltr'><strong>quae</strong></span> <span class='ocrx_word' id='word_1_139' title='bbox 532 1768 610 1826; x_wconf 88' lang='lat' dir='ltr'><strong>leves</strong></span> <span class='ocrx_word' id='word_1_140' title='bbox 629 1778 694 1825; x_wconf 90' lang='lat' dir='ltr'><strong>sunt</strong></span> <span class='ocrx_word' id='word_1_141' title='bbox 712 1768 850 1845; x_wconf 84' lang='lat' dir='ltr'><strong>consequi</strong></span> <span class='ocrx_word' id='word_1_142' title='bbox 869 1766 1039 1844; x_wconf 64' lang='lat' dir='ltr'><strong>graviores,</strong></span> <span class='ocrx_word' id='word_1_143' title='bbox 1055 1765 1172 1845; x_wconf 88' lang='lat' dir='ltr'><strong>quodsi</strong></span> 
     </span>
     <span class='ocr_line' id='line_1_19' title="bbox 188 1850 1171 1931; baseline -0.001 -20"><span class='ocrx_word' id='word_1_144' title='bbox 188 1854 326 1931; x_wconf 85' lang='lat' dir='ltr'><strong>consequi</strong></span> <span class='ocrx_word' id='word_1_145' title='bbox 345 1871 401 1911; x_wconf 92' lang='lat' dir='ltr'><strong>non</strong></span> <span class='ocrx_word' id='word_1_146' title='bbox 420 1862 550 1931; x_wconf 92' lang='lat' dir='ltr'><strong>possunt,</strong></span> <span class='ocrx_word' id='word_1_147' title='bbox 571 1854 633 1911; x_wconf 90' lang='lat' dir='ltr'><strong>sine</strong></span> <span class='ocrx_word' id='word_1_148' title='bbox 653 1850 739 1911; x_wconf 90' lang='lat' dir='ltr'><strong>dubio</strong></span> <span class='ocrx_word' id='word_1_149' title='bbox 758 1872 812 1911; x_wconf 89' lang='lat' dir='ltr'><strong>nee</strong></span> <span class='ocrx_word' id='word_1_150' title='bbox 839 1853 955 1911; x_wconf 81' lang='lat' dir='ltr'><strong>misceri</strong></span> <span class='ocrx_word' id='word_1_151' title='bbox 982 1871 1037 1911; x_wconf 86' lang='lat' dir='ltr'><strong>nec</strong></span> <span class='ocrx_word' id='word_1_152' title='bbox 1065 1871 1171 1931; x_wconf 92' lang='lat' dir='ltr'><strong>corpus</strong></span> 
     </span>
     <span class='ocr_line' id='line_1_20' title="bbox 189 1937 321 2003; baseline -0.015 -6"><span class='ocrx_word' id='word_1_153' title='bbox 189 1937 321 2003; x_wconf 83' lang='lat' dir='ltr'><strong>efficere.</strong></span> 
     </span>
    </p>

    <p class='ocr_par' dir='ltr' id='par_1_6' title="bbox 160 2016 1253 3634">
     <span class='ocr_line' id='line_1_21' title="bbox 192 2016 1172 2101; baseline 0.002 -22"><span class='ocrx_word' id='word_1_154' title='bbox 192 2016 193 2025; x_wconf 66' lang='grc'>’</span> <span class='ocrx_word' id='word_1_155' title='bbox 233 2020 286 2081; x_wconf 78' lang='lat'><strong>18.</strong></span> <span class='ocrx_word' id='word_1_156' title='bbox 332 2020 402 2081; x_wconf 91' lang='lat' dir='ltr'><strong>Tum</strong></span> <span class='ocrx_word' id='word_1_157' title='bbox 420 2020 525 2080; x_wconf 90' lang='lat' dir='ltr'><strong>deinde</strong></span> <span class='ocrx_word' id='word_1_158' title='bbox 544 2023 567 2080; x_wconf 93' lang='lat' dir='ltr'><strong>si</strong></span> <span class='ocrx_word' id='word_1_159' title='bbox 586 2021 786 2081; x_wconf 85' lang='lat' dir='ltr'><strong>indesinenter</strong></span> <span class='ocrx_word' id='word_1_160' title='bbox 802 2024 934 2082; x_wconf 80' lang='lat' dir='ltr'><strong>feruntur</strong></span> <span class='ocrx_word' id='word_1_161' title='bbox 951 2034 982 2082; x_wconf 89' lang='lat' dir='ltr'><strong>et</strong></span> <span class='ocrx_word' id='word_1_162' title='bbox 995 2042 1172 2101; x_wconf 76' lang='lat' dir='ltr'><strong>semperse-</strong></span> 
     </span>
     <span class='ocr_line' id='line_1_22' title="bbox 189 2106 1173 2185; baseline -0.001 -18"><span class='ocrx_word' id='word_1_163' title='bbox 189 2108 280 2178; x_wconf 91' lang='lat' dir='ltr'><strong>niunt,</strong></span> <span class='ocrx_word' id='word_1_164' title='bbox 301 2118 331 2165; x_wconf 93' lang='lat' dir='ltr'><strong>et</strong></span> <span class='ocrx_word' id='word_1_165' title='bbox 349 2106 434 2165; x_wconf 90' lang='lat' dir='ltr'><strong>rebus</strong></span> <span class='ocrx_word' id='word_1_166' title='bbox 454 2123 569 2185; x_wconf 87' lang='lat' dir='ltr'><strong>quarum</strong></span> <span class='ocrx_word' id='word_1_167' title='bbox 589 2108 643 2165; x_wconf 90' lang='lat' dir='ltr'><strong>iam</strong></span> <span class='ocrx_word' id='word_1_168' title='bbox 662 2128 795 2168; x_wconf 84' lang='lat' dir='ltr'><strong>mensura</strong></span> <span class='ocrx_word' id='word_1_169' title='bbox 822 2110 935 2185; x_wconf 83' lang='lat' dir='ltr'><strong>integra</strong></span> <span class='ocrx_word' id='word_1_170' title='bbox 962 2119 1090 2179; x_wconf 88' lang='lat' dir='ltr'><strong>constat,</strong></span> <span class='ocrx_word' id='word_1_171' title='bbox 1119 2106 1173 2167; x_wconf 86' lang='lat' dir='ltr'><strong>ad·</strong></span> 
     </span>
     <span class='ocr_line' id='line_1_23' title="bbox 189 2189 1173 2274; baseline -0.001 -22"><span class='ocrx_word' id='word_1_172' title='bbox 189 2191 303 2265; x_wconf 88' lang='lat' dir='ltr'><strong>duntur,</strong></span> <span class='ocrx_word' id='word_1_173' title='bbox 325 2189 466 2273; x_wconf 87' lang='lat' dir='ltr'><strong>quomodo</strong></span> <span class='ocrx_word' id='word_1_174' title='bbox 485 2204 562 2254; x_wconf 87' lang='lat' dir='ltr'><strong>stare</strong></span> <span class='ocrx_word' id='word_1_175' title='bbox 582 2194 751 2253; x_wconf 78' lang='lat' dir='ltr'><strong>universitas</strong></span> <span class='ocrx_word' id='word_1_176' title='bbox 768 2205 875 2274; x_wconf 84' lang='lat' dir='ltr'><strong>potest,</strong></span> <span class='ocrx_word' id='word_1_177' title='bbox 896 2214 958 2253; x_wconf 90' lang='lat' dir='ltr'><strong>cnm</strong></span> <span class='ocrx_word' id='word_1_178' title='bbox 977 2206 1034 2253; x_wconf 88' lang='lat' dir='ltr'><strong>tarn</strong></span> <span class='ocrx_word' id='word_1_179' title='bbox 1053 2195 1173 2255; x_wconf 78' lang='lat' dir='ltr'><strong>immen-</strong></span> 
     </span>
     <span class='ocr_line' id='line_1_24' title="bbox 189 2277 1174 2359; baseline 0 -21"><span class='ocrx_word' id='word_1_180' title='bbox 189 2281 228 2338; x_wconf 88' lang='lat' dir='ltr'><strong>sis</strong></span> <span class='ocrx_word' id='word_1_181' title='bbox 246 2277 420 2358; x_wconf 74' lang='lat' dir='ltr'><strong>ponderibus</strong></span> <span class='ocrx_word' id='word_1_182' title='bbox 439 2299 511 2338; x_wconf 85' lang='lat' dir='ltr'><strong>nora</strong></span> <span class='ocrx_word' id='word_1_183' title='bbox 534 2297 648 2357; x_wconf 85' lang='lat' dir='ltr'><strong>semper</strong></span> <span class='ocrx_word' id='word_1_184' title='bbox 675 2278 805 2359; x_wconf 86' lang='lat' dir='ltr'><strong>pondera</strong></span> <span class='ocrx_word' id='word_1_185' title='bbox 832 2280 1026 2340; x_wconf 77' lang='lat' dir='ltr'><strong>cumulentur?</strong></span> <span class='ocrx_word' id='word_1_186' title='bbox 1055 2279 1115 2338; x_wconf 88' lang='lat' dir='ltr'><strong>Sed</strong></span> <span class='ocrx_word' id='word_1_187' title='bbox 1141 2290 1174 2338; x_wconf 87' lang='lat' dir='ltr'><strong>et</strong></span> 
     </span>
     <span class='ocr_line' id='line_1_25' title="bbox 189 2364 1174 2443; baseline 0 -21"><span class='ocrx_word' id='word_1_188' title='bbox 189 2364 257 2424; x_wconf 89' lang='lat' dir='ltr'><strong>illud</strong></span> <span class='ocrx_word' id='word_1_189' title='bbox 275 2365 403 2443; x_wconf 87' lang='lat' dir='ltr'><strong>requiro,</strong></span> <span class='ocrx_word' id='word_1_190' title='bbox 424 2365 448 2422; x_wconf 91' lang='lat' dir='ltr'><strong>si</strong></span> <span class='ocrx_word' id='word_1_191' title='bbox 458 2365 590 2442; x_wconf 89' lang='lat' dir='ltr'><strong>paulatim</strong></span> <span class='ocrx_word' id='word_1_192' title='bbox 606 2365 775 2424; x_wconf 87' lang='lat' dir='ltr'><strong>coeuntibus</strong></span> <span class='ocrx_word' id='word_1_193' title='bbox 785 2366 963 2443; x_wconf 87' lang='lat' dir='ltr'><strong>corpusculis</strong></span> <span class='ocrx_word' id='word_1_194' title='bbox 972 2365 1174 2424; x_wconf 85' lang='lat' dir='ltr'><strong>exstruebatur</strong></span> 
     </span>
     <span class='ocr_line' id='line_1_26' title="bbox 189 2448 1172 2529; baseline -0.001 -21"><span class='ocrx_word' id='word_1_195' title='bbox 189 2449 235 2508; x_wconf 89' lang='lat' dir='ltr'><strong>bic</strong></span> <span class='ocrx_word' id='word_1_196' title='bbox 255 2466 337 2529; x_wconf 89' lang='lat' dir='ltr'><strong>quem</strong></span> <span class='ocrx_word' id='word_1_197' title='bbox 355 2448 482 2508; x_wconf 88' lang='lat' dir='ltr'><strong>videmus</strong></span> <span class='ocrx_word' id='word_1_198' title='bbox 501 2449 621 2508; x_wconf 79' lang='lat' dir='ltr'><strong>ambitus</strong></span> <span class='ocrx_word' id='word_1_199' title='bbox 640 2451 728 2522; x_wconf 85' lang='lat' dir='ltr'><strong>coeli,</strong></span> <span class='ocrx_word' id='word_1_200' title='bbox 749 2449 891 2528; x_wconf 86' lang='lat' dir='ltr'><strong>quomodo</strong></span> <span class='ocrx_word' id='word_1_201' title='bbox 914 2471 971 2508; x_wconf 93' lang='lat' dir='ltr'><strong>nou</strong></span> <span class='ocrx_word' id='word_1_202' title='bbox 990 2452 1018 2508; x_wconf 91' lang='lat' dir='ltr'><strong>in</strong></span> <span class='ocrx_word' id='word_1_203' title='bbox 1038 2469 1074 2509; x_wconf 89' lang='lat' dir='ltr'><strong>eo</strong></span> <span class='ocrx_word' id='word_1_204' title='bbox 1090 2451 1172 2508; x_wconf 92' lang='lat' dir='ltr'><strong>illico</strong></span> 
     </span>
     <span class='ocr_line' id='line_1_27' title="bbox 190 2535 1173 2614; baseline 0.002 -22"><span class='ocrx_word' id='word_1_205' title='bbox 190 2554 251 2594; x_wconf 89' lang='lat' dir='ltr'><strong>euru</strong></span> <span class='ocrx_word' id='word_1_206' title='bbox 272 2544 463 2612; x_wconf 82' lang='lat' dir='ltr'><strong>consurgeret</strong></span> <span class='ocrx_word' id='word_1_207' title='bbox 478 2535 607 2596; x_wconf 77' lang='lat' dir='ltr'><strong>corruit?</strong></span> <span class='ocrx_word' id='word_1_208' title='bbox 627 2535 651 2592; x_wconf 94' lang='lat' dir='ltr'><strong>si</strong></span> <span class='ocrx_word' id='word_1_209' title='bbox 670 2535 782 2612; x_wconf 88' lang='lat' dir='ltr'><strong>quidem</strong></span> <span class='ocrx_word' id='word_1_210' title='bbox 802 2535 884 2593; x_wconf 88' lang='lat' dir='ltr'><strong>bians</strong></span> <span class='ocrx_word' id='word_1_211' title='bbox 908 2536 1056 2594; x_wconf 88' lang='lat' dir='ltr'><strong>macbinae</strong></span> <span class='ocrx_word' id='word_1_212' title='bbox 1083 2536 1173 2614; x_wconf 84' lang='lat' dir='ltr'><strong>ipsius</strong></span> 
     </span>
     <span class='ocr_line' id='line_1_28' title="bbox 190 2619 1172 2698; baseline 0 -20"><span class='ocrx_word' id='word_1_213' title='bbox 190 2620 344 2690; x_wconf 82' lang='lat' dir='ltr'><strong>summitas,</strong></span> <span class='ocrx_word' id='word_1_214' title='bbox 366 2619 449 2678; x_wconf 91' lang='lat' dir='ltr'><strong>nullis</strong></span> <span class='ocrx_word' id='word_1_215' title='bbox 468 2619 580 2678; x_wconf 83' lang='lat' dir='ltr'><strong>suffulta</strong></span> <span class='ocrx_word' id='word_1_216' title='bbox 598 2620 746 2698; x_wconf 84' lang='lat' dir='ltr'><strong>repagulis</strong></span> <span class='ocrx_word' id='word_1_217' title='bbox 763 2622 966 2698; x_wconf 81' lang='lat' dir='ltr'><strong>stringeretur.</strong></span> <span class='ocrx_word' id='word_1_218' title='bbox 996 2620 1078 2678; x_wconf 90' lang='lat' dir='ltr'><strong>Sicut</strong></span> <span class='ocrx_word' id='word_1_219' title='bbox 1096 2622 1172 2680; x_wconf 86' lang='lat' dir='ltr'><strong>cuim</strong></span> 
     </span>
     <span class='ocr_line' id='line_1_29' title="bbox 191 2703 1173 2782; baseline 0.001 -19"><span class='ocrx_word' id='word_1_220' title='bbox 191 2706 238 2782; x_wconf 92' lang='lat' dir='ltr'><strong>qui</strong></span> <span class='ocrx_word' id='word_1_221' title='bbox 256 2703 453 2763; x_wconf 81' lang='lat' dir='ltr'><strong>aedificiorum</strong></span> <span class='ocrx_word' id='word_1_222' title='bbox 471 2704 566 2764; x_wconf 86' lang='lat' dir='ltr'><strong>tholos</strong></span> <span class='ocrx_word' id='word_1_223' title='bbox 585 2705 613 2763; x_wconf 93' lang='lat' dir='ltr'><strong>in</strong></span> <span class='ocrx_word' id='word_1_224' title='bbox 633 2706 770 2763; x_wconf 89' lang='lat' dir='ltr'><strong>circulum</strong></span> <span class='ocrx_word' id='word_1_225' title='bbox 788 2707 941 2777; x_wconf 87' lang='lat' dir='ltr'><strong>instruunt,</strong></span> <span class='ocrx_word' id='word_1_226' title='bbox 970 2707 1025 2764; x_wconf 91' lang='lat' dir='ltr'><strong>nisi</strong></span> <span class='ocrx_word' id='word_1_227' title='bbox 1053 2706 1173 2764; x_wconf 87' lang='lat' dir='ltr'><strong>concla-</strong></span> 
     </span>
     <span class='ocr_line' id='line_1_30' title="bbox 189 2787 1173 2870; baseline 0.002 -22"><span class='ocrx_word' id='word_1_228' title='bbox 189 2789 300 2848; x_wconf 85' lang='lat' dir='ltr'><strong>sionem</strong></span> <span class='ocrx_word' id='word_1_229' title='bbox 318 2787 404 2847; x_wconf 90' lang='lat' dir='ltr'><strong>medii</strong></span> <span class='ocrx_word' id='word_1_230' title='bbox 422 2790 541 2848; x_wconf 85' lang='lat' dir='ltr'><strong>verticis</strong></span> <span class='ocrx_word' id='word_1_231' title='bbox 559 2790 738 2860; x_wconf 89' lang='lat' dir='ltr'><strong>strinxerint,</strong></span> <span class='ocrx_word' id='word_1_232' title='bbox 759 2791 921 2850; x_wconf 84' lang='lat' dir='ltr'><strong>uniuersum</strong></span> <span class='ocrx_word' id='word_1_233' title='bbox 948 2792 1058 2870; x_wconf 81' lang='lat' dir='ltr'><strong>pariter</strong></span> <span class='ocrx_word' id='word_1_234' title='bbox 1084 2792 1173 2850; x_wconf 89' lang='lat' dir='ltr'><strong>solvi·</strong></span> 
     </span>
     <span class='ocr_line' id='line_1_31' title="bbox 190 2871 1253 2954; baseline 0.006 -23"><span class='ocrx_word' id='word_1_235' title='bbox 190 2883 251 2945; x_wconf 77' lang='lat' dir='ltr'><strong>tur3</strong></span> <span class='ocrx_word' id='word_1_236' title='bbox 272 2874 311 2932; x_wconf 89' lang='lat' dir='ltr'><strong>ita</strong></span> <span class='ocrx_word' id='word_1_237' title='bbox 330 2881 360 2930; x_wconf 93' lang='lat' dir='ltr'><strong>et</strong></span> <span class='ocrx_word' id='word_1_238' title='bbox 377 2871 472 2943; x_wconf 72' lang='lat' dir='ltr'><strong>mundi</strong></span> <span class='ocrx_word' id='word_1_239' title='bbox 490 2875 625 2946; x_wconf 85' lang='lat' dir='ltr'><strong>circulus,</strong></span> <span class='ocrx_word' id='word_1_240' title='bbox 646 2895 729 2953; x_wconf 91' lang='lat' dir='ltr'><strong>quem</strong></span> <span class='ocrx_word' id='word_1_241' title='bbox 747 2885 803 2933; x_wconf 92' lang='lat' dir='ltr'><strong>tam</strong></span> <span class='ocrx_word' id='word_1_242' title='bbox 823 2872 932 2934; x_wconf 72' lang='lat' dir='ltr'><strong>detera</strong></span> <span class='ocrx_word' id='word_1_243' title='bbox 948 2877 1048 2954; x_wconf 87' lang='lat' dir='ltr'><strong>specie</strong></span> <span class='ocrx_word' id='word_1_244' title='bbox 1063 2877 1173 2937; x_wconf 82' lang='lat' dir='ltr'><strong>collec-</strong></span> <span class='ocrx_word' id='word_1_245' title='bbox 1249 2887 1253 2897; x_wconf 82' lang='lat'><strong><em>&#39;</em></strong></span> 
     </span>
     <span class='ocr_line' id='line_1_32' title="bbox 160 2956 1173 3035; baseline 0.001 -16"><span class='ocrx_word' id='word_1_246' title='bbox 160 3013 162 3020; x_wconf 89' lang='grc'><em>,</em></span> <span class='ocrx_word' id='word_1_247' title='bbox 188 2969 247 3016; x_wconf 85' lang='lat' dir='ltr'><strong>tem</strong></span> <span class='ocrx_word' id='word_1_248' title='bbox 266 2956 404 3035; x_wconf 85' lang='lat' dir='ltr'><strong>videmus,</strong></span> <span class='ocrx_word' id='word_1_249' title='bbox 425 2959 448 3016; x_wconf 91' lang='lat' dir='ltr'><strong>si</strong></span> <span class='ocrx_word' id='word_1_250' title='bbox 468 2958 636 3020; x_wconf 83' lang='lat' dir='ltr'><strong>nousubito</strong></span> <span class='ocrx_word' id='word_1_251' title='bbox 656 2971 687 3018; x_wconf 93' lang='lat' dir='ltr'><strong>et</strong></span> <span class='ocrx_word' id='word_1_252' title='bbox 704 2959 755 3019; x_wconf 91' lang='lat' dir='ltr'><strong>sub</strong></span> <span class='ocrx_word' id='word_1_253' title='bbox 773 2981 831 3019; x_wconf 91' lang='lat' dir='ltr'><strong>uuo</strong></span> <span class='ocrx_word' id='word_1_254' title='bbox 850 2958 962 3020; x_wconf 82' lang='lat' dir='ltr'><strong>divinae</strong></span> <span class='ocrx_word' id='word_1_255' title='bbox 983 2962 1097 3020; x_wconf 82' lang='lat' dir='ltr'><strong>virtutis</strong></span> <span class='ocrx_word' id='word_1_256' title='bbox 1124 2973 1173 3020; x_wconf 78' lang='lat' dir='ltr'><strong>ro-&#39;</strong></span> 
     </span>
     <span class='ocr_line' id='line_1_33' title="bbox 189 3042 1173 3128; baseline 0 -24"><span class='ocrx_word' id='word_1_257' title='bbox 189 3053 250 3104; x_wconf 85' lang='lat' dir='ltr'><strong>tatu</strong></span> <span class='ocrx_word' id='word_1_258' title='bbox 273 3043 404 3121; x_wconf 90' lang='lat' dir='ltr'><strong>potentia</strong></span> <span class='ocrx_word' id='word_1_259' title='bbox 430 3042 589 3107; x_wconf 87' lang='lat' dir='ltr'><strong>conditoris</strong></span> <span class='ocrx_word' id='word_1_260' title='bbox 608 3046 729 3105; x_wconf 84' lang='lat' dir='ltr'><strong>effectus</strong></span> <span class='ocrx_word' id='word_1_261' title='bbox 748 3057 804 3118; x_wconf 88' lang='lat' dir='ltr'><strong>cst,</strong></span> <span class='ocrx_word' id='word_1_262' title='bbox 825 3045 877 3105; x_wconf 83' lang='lat' dir='ltr'><strong>sed</strong></span> <span class='ocrx_word' id='word_1_263' title='bbox 894 3047 1029 3125; x_wconf 83' lang='lat' dir='ltr'><strong>paulatim</strong></span> <span class='ocrx_word' id='word_1_264' title='bbox 1048 3065 1173 3128; x_wconf 81' lang='lat' dir='ltr'><strong>concur·</strong></span> 
     </span>
     <span class='ocr_line' id='line_1_34' title="bbox 189 3129 1173 3210; baseline 0.001 -22"><span class='ocrx_word' id='word_1_265' title='bbox 189 3129 318 3188; x_wconf 86' lang='lat' dir='ltr'><strong>rentibus</strong></span> <span class='ocrx_word' id='word_1_266' title='bbox 336 3129 438 3186; x_wconf 87' lang='lat' dir='ltr'><strong>atomis</strong></span> <span class='ocrx_word' id='word_1_267' title='bbox 458 3139 487 3188; x_wconf 89' lang='lat' dir='ltr'><strong>et</strong></span> <span class='ocrx_word' id='word_1_268' title='bbox 505 3130 724 3203; x_wconf 88' lang='lat' dir='ltr'><strong>instruentibus,</strong></span> <span class='ocrx_word' id='word_1_269' title='bbox 746 3152 803 3190; x_wconf 93' lang='lat' dir='ltr'><strong>non</strong></span> <span class='ocrx_word' id='word_1_270' title='bbox 822 3143 852 3190; x_wconf 89' lang='lat' dir='ltr'><strong>ut</strong></span> <span class='ocrx_word' id='word_1_271' title='bbox 869 3132 943 3190; x_wconf 89' lang='lat' dir='ltr'><strong>ratio</strong></span> <span class='ocrx_word' id='word_1_272' title='bbox 961 3131 1090 3210; x_wconf 87' lang='lat' dir='ltr'><strong>petebat,</strong></span> <span class='ocrx_word' id='word_1_273' title='bbox 1119 3129 1173 3190; x_wconf 92' lang='lat' dir='ltr'><strong>sed</strong></span> 
     </span>
     <span class='ocr_line' id='line_1_35' title="bbox 190 3213 1172 3295; baseline 0.002 -22"><span class='ocrx_word' id='word_1_274' title='bbox 190 3225 221 3273; x_wconf 88' lang='lat' dir='ltr'><strong>ut</strong></span> <span class='ocrx_word' id='word_1_275' title='bbox 238 3215 372 3275; x_wconf 81' lang='lat' dir='ltr'><strong>fortuitus</strong></span> <span class='ocrx_word' id='word_1_276' title='bbox 394 3213 544 3274; x_wconf 89' lang='lat' dir='ltr'><strong>incidisset</strong></span> <span class='ocrx_word' id='word_1_277' title='bbox 570 3227 705 3286; x_wconf 80' lang='lat' dir='ltr'><strong>euentus,</strong></span> <span class='ocrx_word' id='word_1_278' title='bbox 734 3216 877 3295; x_wconf 90' lang='lat' dir='ltr'><strong>quomodo</strong></span> <span class='ocrx_word' id='word_1_279' title='bbox 904 3237 961 3275; x_wconf 90' lang='lat' dir='ltr'><strong>non</strong></span> <span class='ocrx_word' id='word_1_280' title='bbox 988 3214 1172 3295; x_wconf 89' lang='lat' dir='ltr'><strong>priusquam</strong></span> 
     </span>
     <span class='ocr_line' id='line_1_36' title="bbox 174 3299 1173 3380; baseline 0.002 -22"><span class='ocrx_word' id='word_1_281' title='bbox 174 3299 289 3376; x_wconf 71' lang='lat' dir='ltr'><strong>‘oolligi</strong></span> <span class='ocrx_word' id='word_1_282' title='bbox 308 3308 407 3377; x_wconf 87' lang='lat' dir='ltr'><strong>posset</strong></span> <span class='ocrx_word' id='word_1_283' title='bbox 426 3310 456 3357; x_wconf 89' lang='lat' dir='ltr'><strong>et</strong></span> <span class='ocrx_word' id='word_1_284' title='bbox 474 3299 617 3371; x_wconf 89' lang='lat' dir='ltr'><strong>concludi,</strong></span> <span class='ocrx_word' id='word_1_285' title='bbox 647 3300 772 3380; x_wconf 84' lang='lat' dir='ltr'><strong>dilapsus</strong></span> <span class='ocrx_word' id='word_1_286' title='bbox 798 3313 843 3362; x_wconf 90' lang='lat' dir='ltr'><strong>est</strong></span> <span class='ocrx_word' id='word_1_287' title='bbox 869 3313 900 3360; x_wconf 93' lang='lat' dir='ltr'><strong>et</strong></span> <span class='ocrx_word' id='word_1_288' title='bbox 926 3299 1100 3361; x_wconf 80' lang='lat' dir='ltr'><strong>dissolutus?</strong></span> <span class='ocrx_word' id='word_1_289' title='bbox 1126 3300 1173 3360; x_wconf 88' lang='lat' dir='ltr'><strong>Ad</strong></span> 
     </span>
     <span class='ocr_line' id='line_1_37' title="bbox 190 3382 1173 3467; baseline 0.004 -26"><span class='ocrx_word' id='word_1_290' title='bbox 190 3383 262 3442; x_wconf 88' lang='lat' dir='ltr'><strong>baec</strong></span> <span class='ocrx_word' id='word_1_291' title='bbox 282 3385 367 3442; x_wconf 87' lang='lat' dir='ltr'><strong>etiam</strong></span> <span class='ocrx_word' id='word_1_292' title='bbox 385 3383 455 3442; x_wconf 91' lang='lat' dir='ltr'><strong>illud</strong></span> <span class='ocrx_word' id='word_1_293' title='bbox 468 3386 600 3463; x_wconf 85' lang='lat' dir='ltr'><strong>requiro,</strong></span> <span class='ocrx_word' id='word_1_294' title='bbox 621 3382 697 3462; x_wconf 88' lang='lat' dir='ltr'><strong>qaod</strong></span> <span class='ocrx_word' id='word_1_295' title='bbox 715 3387 752 3444; x_wconf 91' lang='lat' dir='ltr'><strong>sit</strong></span> <span class='ocrx_word' id='word_1_296' title='bbox 760 3388 914 3458; x_wconf 86' lang='lat' dir='ltr'><strong>munimen,</strong></span> <span class='ocrx_word' id='word_1_297' title='bbox 934 3385 1173 3467; x_wconf 86' lang='lat' dir='ltr'><strong>superquodtam</strong></span> 
     </span>
     <span class='ocr_line' id='line_1_38' title="bbox 190 3468 1172 3551; baseline 0.005 -27"><span class='ocrx_word' id='word_1_298' title='bbox 190 3468 345 3526; x_wconf 86' lang='lat' dir='ltr'><strong>immensae</strong></span> <span class='ocrx_word' id='word_1_299' title='bbox 364 3469 445 3531; x_wconf 87' lang='lat' dir='ltr'><strong>molis</strong></span> <span class='ocrx_word' id='word_1_300' title='bbox 464 3470 539 3528; x_wconf 87' lang='lat' dir='ltr'><strong>iacta</strong></span> <span class='ocrx_word' id='word_1_301' title='bbox 557 3470 615 3528; x_wconf 90' lang='lat' dir='ltr'><strong>sint</strong></span> <span class='ocrx_word' id='word_1_302' title='bbox 631 3469 832 3530; x_wconf 83' lang='lat' dir='ltr'><strong>fundamenta?</strong></span> <span class='ocrx_word' id='word_1_303' title='bbox 851 3470 1172 3551; x_wconf 79' lang='lat' dir='ltr'><strong>Etrursusilludipsum</strong></span> 
     </span>
     <span class='ocr_line' id='line_1_39' title="bbox 192 3551 1174 3634; baseline 0.004 -24"><span class='ocrx_word' id='word_1_304' title='bbox 192 3551 267 3632; x_wconf 91' lang='lat' dir='ltr'><strong>quod</strong></span> <span class='ocrx_word' id='word_1_305' title='bbox 286 3551 393 3612; x_wconf 77' lang='lat' dir='ltr'><strong>dixeris</strong></span> <span class='ocrx_word' id='word_1_306' title='bbox 412 3555 573 3624; x_wconf 87' lang='lat' dir='ltr'><strong>munimen,</strong></span> <span class='ocrx_word' id='word_1_307' title='bbox 602 3573 690 3632; x_wconf 89' lang='lat' dir='ltr'><strong>super</strong></span> <span class='ocrx_word' id='word_1_308' title='bbox 716 3555 783 3634; x_wconf 90' lang='lat' dir='ltr'><strong>quid</strong></span> <span class='ocrx_word' id='word_1_309' title='bbox 810 3557 921 3618; x_wconf 75' lang='lat' dir='ltr'><strong>iacenti</strong></span> <span class='ocrx_word' id='word_1_310' title='bbox 947 3556 987 3614; x_wconf 81' lang='lat' dir='ltr'><strong>llt</strong></span> <span class='ocrx_word' id='word_1_311' title='bbox 1007 3558 1076 3616; x_wconf 87' lang='lat' dir='ltr'><strong>item</strong></span> <span class='ocrx_word' id='word_1_312' title='bbox 1103 3555 1174 3615; x_wconf 90' lang='lat' dir='ltr'><strong>illud</strong></span> 
     </span>
    </p>
   </div>
   <div class='ocr_carea' id='block_1_6' title="bbox 189 3635 1173 3976">
    <p class='ocr_par' dir='ltr' id='par_1_7' title="bbox 189 3635 1173 3805">
     <span class='ocr_line' id='line_1_40' title="bbox 189 3635 1173 3720; baseline 0.004 -24"><span class='ocrx_word' id='word_1_313' title='bbox 189 3636 278 3708; x_wconf 89' lang='lat' dir='ltr'><strong>aliud,</strong></span> <span class='ocrx_word' id='word_1_314' title='bbox 294 3656 381 3717; x_wconf 87' lang='lat' dir='ltr'><strong>super</strong></span> <span class='ocrx_word' id='word_1_315' title='bbox 391 3635 475 3717; x_wconf 77' lang='lat' dir='ltr'><strong>quid?</strong></span> <span class='ocrx_word' id='word_1_316' title='bbox 495 3649 570 3699; x_wconf 89' lang='lat' dir='ltr'><strong>eteo</strong></span> <span class='ocrx_word' id='word_1_317' title='bbox 580 3640 884 3720; x_wconf 79' lang='lat' dir='ltr'><strong>usqueinterrogando</strong></span> <span class='ocrx_word' id='word_1_318' title='bbox 893 3640 1062 3720; x_wconf 82' lang='lat' dir='ltr'><strong>progediar,</strong></span> <span class='ocrx_word' id='word_1_319' title='bbox 1078 3639 1173 3702; x_wconf 90' lang='lat' dir='ltr'><strong>donec</strong></span> 
     </span>
     <span class='ocr_line' id='line_1_41' title="bbox 191 3720 1171 3805; baseline 0.002 -25"><span class='ocrx_word' id='word_1_320' title='bbox 191 3725 341 3801; x_wconf 88' lang='lat' dir='ltr'><strong>responsio</strong></span> <span class='ocrx_word' id='word_1_321' title='bbox 361 3720 397 3781; x_wconf 92' lang='lat' dir='ltr'><strong>ad</strong></span> <span class='ocrx_word' id='word_1_322' title='bbox 415 3721 484 3782; x_wconf 89' lang='lat' dir='ltr'><strong>nibil</strong></span> <span class='ocrx_word' id='word_1_323' title='bbox 502 3724 635 3786; x_wconf 83' lang='lat' dir='ltr'><strong>etinane</strong></span> <span class='ocrx_word' id='word_1_324' title='bbox 653 3727 815 3805; x_wconf 87' lang='lat' dir='ltr'><strong>perveniat.</strong></span> <span class='ocrx_word' id='word_1_325' title='bbox 1165 3761 1171 3782; x_wconf 70' lang='lat'>.</span> 
     </span>
    </p>

    <p class='ocr_par' dir='ltr' id='par_1_8' title="bbox 192 3805 1173 3976">
     <span class='ocr_line' id='line_1_42' title="bbox 235 3805 1173 3891; baseline 0.005 -26"><span class='ocrx_word' id='word_1_326' title='bbox 235 3805 289 3866; x_wconf 82' lang='lat' dir='ltr'><strong>ta.</strong></span> <span class='ocrx_word' id='word_1_327' title='bbox 337 3807 419 3880; x_wconf 86' lang='lat' dir='ltr'><strong>Quod</strong></span> <span class='ocrx_word' id='word_1_328' title='bbox 436 3809 461 3866; x_wconf 92' lang='lat' dir='ltr'><strong>si</strong></span> <span class='ocrx_word' id='word_1_329' title='bbox 479 3806 557 3866; x_wconf 86' lang='lat' dir='ltr'><strong>dicat</strong></span> <span class='ocrx_word' id='word_1_330' title='bbox 574 3809 687 3888; x_wconf 86' lang='lat' dir='ltr'><strong>aliquis,</strong></span> <span class='ocrx_word' id='word_1_331' title='bbox 708 3811 775 3889; x_wconf 89' lang='lat' dir='ltr'><strong>quia</strong></span> <span class='ocrx_word' id='word_1_332' title='bbox 790 3812 878 3873; x_wconf 83' lang='lat' dir='ltr'><strong>atomi</strong></span> <span class='ocrx_word' id='word_1_333' title='bbox 895 3813 1002 3890; x_wconf 81' lang='lat' dir='ltr'><strong>igneae</strong></span> <span class='ocrx_word' id='word_1_334' title='bbox 1029 3812 1173 3891; x_wconf 79' lang='lat' dir='ltr'><strong>qualitatis</strong></span> 
     </span>
     <span class='ocr_line' id='line_1_43' title="bbox 192 3891 1173 3976; baseline 0.005 -27"><span class='ocrx_word' id='word_1_335' title='bbox 192 3893 363 3950; x_wconf 86' lang='lat' dir='ltr'><strong>coniunctae</strong></span> <span class='ocrx_word' id='word_1_336' title='bbox 381 3891 435 3949; x_wconf 86' lang='lat' dir='ltr'><strong>sibi</strong></span> <span class='ocrx_word' id='word_1_337' title='bbox 454 3905 558 3972; x_wconf 84' lang='lat' dir='ltr'><strong>eorpus</strong></span> <span class='ocrx_word' id='word_1_338' title='bbox 575 3912 660 3953; x_wconf 90' lang='lat' dir='ltr'><strong>uuum</strong></span> <span class='ocrx_word' id='word_1_339' title='bbox 677 3895 823 3968; x_wconf 77' lang='lat' dir='ltr'><strong>fecerunt,</strong></span> <span class='ocrx_word' id='word_1_340' title='bbox 843 3907 875 3956; x_wconf 90' lang='lat' dir='ltr'><strong>et</strong></span> <span class='ocrx_word' id='word_1_341' title='bbox 894 3897 962 3975; x_wconf 83' lang='lat' dir='ltr'><strong>quia</strong></span> <span class='ocrx_word' id='word_1_342' title='bbox 987 3897 1064 3974; x_wconf 72' lang='lat' dir='ltr'><strong>iguis</strong></span> <span class='ocrx_word' id='word_1_343' title='bbox 1082 3897 1173 3976; x_wconf 80' lang='lat' dir='ltr'><strong>quali-</strong></span> 
     </span>
    </p>
   </div>
   <div class='ocr_carea' id='block_1_7' title="bbox 0 0 1331 4400">
    <p class='ocr_par' dir='ltr' id='par_1_9' title="bbox 0 0 1331 4400">
     <span class='ocr_line' id='line_1_44' title="bbox 0 0 1331 4400; baseline 0 0"><span class='ocrx_word' id='word_1_344' title='bbox 0 0 1331 4400; x_wconf 95' lang='lat' dir='ltr'><strong> </strong></span> 
     </span>
    </p>
   </div>
  </div>
 </body>
</html>
