2634 4400
554 256 558 261 “
654 254 725 319 uto

201 466 268 543 gula
285 482 445 525 sermonem
464 462 578 540 longius
587 460 853 563 producamus,
809 458 1187 560 intnercqnomodounom-

182 549 332 631 quodque
351 552 436 649 timor
455 547 502 607 dei
521 558 685 617 continens,
716 556 818 605 cuncta
844 546 883 604 in
900 544 1048 605 harmonia
1069 546 1188 623 propria

178 657 182 688 ι
202 646 232 695 et
250 633 359 697 ordinis
378 636 421 695 sui
440 652 579 713 compage
599 630 753 691 custodiat.
779 631 892 704 Quanto
909 633 1002 731 magis
1020 650 1092 709 ergo
1111 631 1188 689 certi

177 740 266 781 esse
285 720 408 792 debetis,
429 719 495 798 quia
522 730 551 779 et
578 718 747 779 daemonum
774 710 1027 794 concupiscentiae
1055 735 1130 813 quae
1156 716 1188 773 in

177 793 335 879 lcordibus
353 806 456 865 vestris
475 805 615 876 oriuntur,
636 802 830 887 admonitione
849 802 942 861 ιιιιιοι
934 824 959 864 rs
977 801 1025 862 dei
1043 802 1188 879 exstingai

179 902 321 970 tpossunt
339 902 370 951 et
387 890 500 971 penitus
518 890 641 960 aboleri,
663 908 726 948 cum
746 888 830 946 etiam
858 888 911 966 ipsi
930 888 1098 947 incentores
1115 905 1188 944 con-

125 980 130 987 “
178 978 399 1056 cupisceatiae
423 986 499 1035 metu
527 975 581 1035 sibi
601 974 763 1034 dominante
790 972 961 1068 diffugiant?
980 973 1058 1035 llaec
1087 973 1127 1030 ita
1153 991 1206 1031 sc.

175 1029 181 1083 l
201 1062 309 1121 babere
328 1063 436 1132 sciens,
457 1061 481 1119 si
501 1059 567 1138 quid
586 1060 636 1118 tibi
655 1050 884 1137 respondenduinr
903 1056 1061 1130 videtur,
1053 1058 1162 1136 incipe.
1191 1114 1195 1121 ,

245 1145 299 1205 16.
345 1147 414 1205 Τιιιιι
434 1164 539 1205 senex.
561 1144 755 1223 Sapienter,
747 1144 848 1222 inquit,
870 1144 943 1202 lilius
960 1163 1041 1203 meus
1051 1143 1188 1203 Clemens

201 1233 308 1312 aptavit
326 1232 578 1310 prosequutionem
597 1250 687 1301 suam,
708 1231 748 1289 ita
765 1240 798 1287 ut
814 1229 885 1289 nibil
902 1228 985 1289 nobis
1003 1227 1041 1287 ad
1059 1228 1131 1287 baec
1142 1226 1189 1286 di-

202 1316 324 1379 cendum
341 1318 507 1396 reliquarit;
528 1335 625 1377 verum
644 1317 735 1375 omnis
754 1316 816 1374 eius
834 1334 949 1386 sermo,
979 1335 1062 1393 qoem
1081 1310 1115 1373 de
1135 1334 1189 1373 na-
1193 1372 1196 1379 ,

201 1415 266 1463 tura
283 1404 405 1463 hominis
424 1401 570 1473 disseruit,
591 1403 664 1461 banc
684 1401 770 1460 babet
788 1402 1008 1471 continentiam,
1039 1402 1103 1479 quia
1122 1418 1188 1459 cuna

202 1509 238 1549 co
267 1487 341 1567 quod
368 1490 443 1547 inest
470 1487 587 1547 libertas
614 1487 737 1556 arbitrii,
767 1497 812 1544 est
838 1486 1018 1545 extrinsecos
1045 1496 1076 1543 et
1093 1486 1190 1563 aliqua

203 1594 302 1633 caussa
320 1574 397 1644 mali,
420 1593 457 1632 cx
476 1593 529 1651 qua
548 1592 602 1651 per
620 1569 748 1631 diversas
768 1572 1017 1649 concupiscentias
1032 1572 1189 1629 incitantur

202 1656 314 1738 quidem
334 1658 473 1729 homines,
495 1679 550 1715 non
570 1669 666 1717 tamen
683 1666 825 1734 coguntur
842 1655 879 1714 ad
886 1666 1053 1735 peccatum,
1072 1675 1192 1736 proeo,

200 1746 303 1827 inquit,
324 1744 399 1823 quod
417 1745 504 1803 multo
515 1743 557 1803 bis
572 1742 694 1803 validior
711 1752 757 1802 est
774 1743 870 1813 timor,
891 1742 938 1820 qni
958 1742 1077 1800 obsistat
1094 1742 1189 1801 etim-

201 1840 285 1909 petus
306 1828 513 1894 desideriorum
533 1830 674 1900 refrenet,
695 1839 726 1886 ut
744 1847 807 1885 cum
825 1828 969 1889 naturales
988 1838 1080 1889 motus
1107 1828 1190 1888 acci·

203 1913 308 1985 derint,
330 1915 462 1991 effugatis
481 1913 525 1972 bis
544 1915 590 1993 qui
610 1934 662 1973 eos
681 1915 801 1971 incitant
819 1924 849 1972 et
870 1913 1045 1972 inflammant
1070 1910 1189 1971 daemo-

202 1998 297 2069 nibus,
317 2009 468 2077 peccatum
487 2019 543 2056 non
561 2000 653 2078 possit
671 1996 793 2057 admitti.
828 1996 888 2057 Sed
905 2017 950 2056 mc
969 1998 1041 2057 baec
1060 2018 1117 2060 uon
1135 1996 1189 2057 ad-

203 2082 309 2147 ducunt
327 2082 363 2143 ad
382 2082 481 2157 lidem3
503 2084 637 2147 conscius
657 2082 732 2142 enim
750 2083 818 2141 mibi
844 2104 904 2142 sum
933 2082 1119 2162 quorundam,
1149 2103 1196 2149 ex,

203 2168 474 2249 quibusbenenovi‚
496 2171 560 2247 quia
571 2169 822 2249 compaginatione
841 2170 984 2229 stellarum
1000 2169 1190 2230 bomincsaut

202 2255 364 2316 homicidae
383 2268 432 2315 aut
450 2255 572 2316 adulteri
591 2255 673 2328 liunt,
703 2266 878 2334 caeteraque
905 2265 1074 2334 perpetrant
1099 2256 1196 2321 mala.
1218 2273 1223 2282 ·

203 2341 341 2401 Similiter
359 2353 452 2402 autem
473 2353 502 2402 et
519 2342 658 2402 honestae
677 2361 711 2402 ac
730 2339 852 2421 pudicae
880 2342 1026 2413 feminae,
1059 2353 1091 2400 ut
1108 2341 1185 2401 bene
1276 2402 1284 2408 ,

202 2438 290 2505 agant
307 2427 374 2486 inde
394 2439 546 2506 coguntur.
620 2451 621 2456 ¹

247 2513 301 2575 17.
352 2515 380 2584 1)
392 2511 524 2592 Denique
542 2533 604 2576 cum
623 2513 701 2572 Mars
720 2524 848 2572 centrum
867 2500 981 2584 tenens,
1002 2514 1030 2571 in
1042 2511 1189 2574 domosua

203 2617 241 2656 ex
258 2607 411 2696 tetragono
431 2599 595 2677 respexerat
605 2598 758 2658 Saturnum
768 2619 832 2658 cum
840 2599 987 2658 blereorro
997 2597 1033 2657 ad
1044 2610 1186 2670 centrum,

204 2682 287 2741 Luna
306 2682 440 2742 veniente
459 2702 545 2762 super
567 2703 630 2744 eunt
658 2684 793 2762 plena‚'
785 2705 814 2744 ιιι
841 2685 942 2762 genesi
969 2682 1071 2743 diurna
1097 2683 1190 2743 eflicit

201 2766 358 2826 homicidas
378 2778 408 2826 et
425 2766 521 2844 gladio
541 2789 671 2841 casuros,
692 2771 901 2846 sanguinarios,
923 2770 1070 2841 ebriosos,
1091 2768 1189 2828 libidi-

202 2870 301 2923 nosos,
323 2850 534 2924 daemoniosos,
553 2865 731 2922 secretorum
752 2866 995 2932 perscrutatores,
1024 2855 1184 2926 maleficos,

202 2937 374 3014 sacrilegos,
396 2948 426 2996 et
443 2939 466 2995 si
486 2959 540 3018 qua
558 2950 623 2997 sunt
640 2939 684 2997 bis
703 2940 816 3010 similia,
838 2941 994 3019 praecipue
1014 2961 1077 2999 curn
1096 2940 1187 2998 bona-

202 3019 263 3082 'ram
282 3023 427 3082 stellarum
446 3023 522 3084 nulla
540 3026 713 3104 respexerit.
761 3024 820 3084 Sed
839 3037 882 3084 et.
894 3027 957 3104 ipse
985 3046 1082 3086 rursus
1107 3025 1188 3084 Mars

201 3108 238 3167 ad
256 3107 402 3170 Venerem
421 3109 535 3172 schema
554 3121 735 3188 tetragonum
754 3110 872 3182 babens,
894 3121 1029 3190 exparte
1053 3109 1088 3170 ad
1117 3130 1188 3170 een-

201 3205 274 3252 trnm
293 3215 350 3253 ιιοιι
368 3195 543 3273 respiciente
562 3197 655 3274 aliquo
674 3195 828 3267 bonorum,
858 3196 1006 3255 adulteros
1034 3197 1124 3256 efficit
1156 3207 1189 3255 et

202 3299 319 3340 sorores
339 3292 369 3338 οι
387 3281 458 3339 filias
478 3292 507 3340 et
533 3291 638 3340 matres
667 3283 693 3338 in
722 3283 885 3359 coniugium
912 3280 1039 3342 adducit.
1086 3282 1186 3340 Venus

203 3382 265 3422 cum
292 3363 373 3424 Luna
393 3367 428 3426 in
456 3365 558 3426 finibus
586 3377 614 3425 et
642 3365 771 3426 domibus
795 3367 911 3427 Saturni
927 3368 997 3426 'curn
1017 3367 1143 3426 Saturno
1161 3367 1188 3425 si

201 3447 290 3506 fuerit
307 3448 470 3510 adtestante
486 3451 592 3538 Marte,
614 3451 704 3510 efficit
722 3453 858 3513 mulieres
885 3452 997 3532 quidem
1024 3454 1184 3530 viragines,

239 3688 263 3750 ¹)
282 3683 476 3748 Denique
493 3696 546 3740 aut
563 3692 704 3751 Aquario
723 3692 815 3741 desunt
837 3693 863 3741 in
882 3693 953 3743 codd
980 3693 1063 3756 lipsa.
1086 3695 1186 3740 Graeca

201 3769 236 3804 ex
252 3757 406 3804 Bardesanis
422 3759 488 3807 libro
507 3759 544 3807 de'
555 3763 609 3808 fato
628 3767 753 3821 excerpta
769 3762 891 3822 leguntur
904 3763 1076 3822 apudEuseb.
1094 3763 1186 3822 Praep.

201 3825 298 3884 Evang
317 3829 346 3885 6,
366 3828 405 3872 1⁰
424 3831 451 3873 et
468 3842 508 3887 ap.
530 3830 633 3875 Caesar.
657 3829 716 3876 dial.
735 3831 759 3876 2.
781 3831 903 3892 interrog.
922 3833 981 3879 109.
999 3833 1038 3879 cl.
1055 3830 1187 3879 Gallandii

200 3891 265 3939 Bibl.
281 3893 351 3944 Patr.
368 3897 387 3942 1.
405 3908 429 3954 ιι.
448 3897 497 3941 682
516 3908 568 3954 ιιι.
587 3900 614 3944 et
630 3897 714 3958 th.
733 3901 765 3945 60
783 3912 838 3957 ιιι
