2634 4400
618 289 659 348 71

530 379 744 392 Ἣ

144 489 246 550 videre
274 500 323 548 aut
348 490 529 568 temetipsum
557 471 634 549 scire
660 491 709 549 nbt
737 490 873 563 sederes,
902 511 972 570 prae
991 494 1130 554 suavitate

145 595 246 650 eorum
266 593 339 652 quae
356 573 534 634 habebantur
551 576 579 633 in
598 577 701 644 oculis,
730 580 851 654 possesl
878 576 916 634 m
942 576 1045 641 Petrus
1071 579 1127 637 ait:

145 660 254 718 Verum
274 669 330 730 est,
351 652 537 730 Simon,'boe
556 659 622 717 mibi
642 659 935 740 frequenteraccidit.
964 661 1127 723 litSimon:

146 743 189 801 lta
209 753 239 802 et
257 761 332 800 nunc
350 761 464 802 sensum
481 753 557 806 tuum
578 743 703 802 extende
721 745 749 801 in
769 745 892 815 coelum,
913 746 1064 806 etiterum
1082 765 1130 804 su·

146 847 203 906 per
212 828 335 897 coelum,
356 826 460 886 etvide
479 830 544 906 qnia
563 827 651 887 debet
660 847 726 886 esse
735 828 838 906 aliquis
848 829 928 887 locus
943 830 990 910 qul
1000 830 1038 888 sit
1054 830 1131 888 ultra

146 911 279 970 mundum
297 911 343 970 vel
363 923 445 970 extra
459 911 601 983 mundum,
619 913 647 969 in
658 933 714 989 qno
725 931 817 990 neque
836 913 949 975 coelum
967 914 1015 985 sit,
1035 933 1130 991 neque

145 1007 238 1067 terra,
260 1013 353 1074 neque
363 996 461 1054 ambra
471 997 568 1056 borum
580 997 664 1055 etiarn
676 996 715 1054 ibi
725 994 860 1055 tenebras
869 1008 1018 1076 operetur,
1043 1009 1074 1057 et
1092 997 1130 1056 ob

146 1081 203 1139 boe
217 1099 280 1138 eum
295 1098 388 1158 neque
399 1099 523 1158 corpora
532 1081 625 1159 aliqua
635 1081 664 1138 in
674 1099 711 1138 eo
721 1081 789 1151 sint,
801 1100 895 1159 neque
905 1101 944 1146 ex
960 1081 1131 1160 corporibus

148 1164 299 1235 tenebrae,
320 1167 486 1222 necessario
505 1166 542 1223 sit
560 1166 652 1223 lumen
671 1166 853 1239 immensum
873 1167 1015 1240 etlumen
1034 1167 1130 1237 consi·

147 1247 219 1307 dcra
238 1247 394 1314 cuiusmodi
413 1255 479 1308 esse
497 1251 599 1328 possit,
619 1250 666 1307 eui
684 1249 824 1308 tenebrae
846 1251 940 1312 nullae
957 1249 1128 1320 succedunt.

146 1332 221 1392 Nam
248 1333 272 1391 si
298 1332 459 1394 uuiversum
486 1333 560 1392 bunc
587 1332 717 1399 mnndum
745 1335 814 1392 solis
840 1334 922 1398 buius
947 1336 1043 1412 replet
1068 1335 1128 1406 lux,

147 1426 284 1495 qnantum
299 1418 434 1477 aestimas
452 1435 517 1480 esse
536 1416 604 1475 illud
615 1419 817 1496 incorporeum
827 1419 920 1476 lumen
932 1418 1130 1478 etinlinitumi

145 1511 256 1558 tanturn
274 1502 336 1564 sine
355 1499 453 1572 dubio,
472 1512 505 1562 ut
521 1499 597 1566 istud
614 1501 685 1564 solis
712 1502 806 1565 lumea
826 1497 869 1562 'ad
896 1500 965 1566 iilud
990 1501 1130 1573 tenebrae

147 1596 178 1644 et
196 1605 253 1642 non
271 1585 320 1643 lux
338 1603 403 1644 esse
422 1584 563 1649 videatur.

189 1667 247 1732 62.
295 1669 373 1728 llaec
395 1688 459 1727 curn
486 1669 599 1735 diceret
626 1669 737 1740 Simon,
767 1667 869 1728 Petrus
886 1668 1052 1750 respondit:
1084 1669 1130 1728 De

148 1764 271 1830 utroque
290 1771 362 1830 ergo
381 1754 525 1832 patienter
541 1754 685 1823 ausculta,
706 1753 735 1812 id
754 1765 799 1816 cst
817 1752 901 1814 etde
928 1754 1060 1832 exemplo
1079 1772 1131 1813 ex·

147 1836 286 1896 tendendi
304 1857 405 1896 sensus
424 1837 509 1896 etde
536 1839 725 1900 immensitate
752 1839 835 1904 lucis.
882 1838 952 1896 Scio
978 1838 1128 1916 meipsum,

148 1941 167 1980 o
186 1921 297 1992 Simon,
316 1921 467 1999 aliquando
486 1923 514 1980 in
534 1923 712 1999 cogitatione
731 1924 853 2001 positum
872 1921 1045 1983 extendisse.
1063 1941 1130 1981 sen-

146 2025 208 2066 sum
226 2025 318 2066 meum
337 2007 365 2063 in
384 2007 520 2084 regiones
538 2017 569 2064 ut
595 2007 637 2070 ais
661 2007 806 2070 etinsulas
816 2008 916 2085 procul
925 2010 1046 2086 positas,
1067 2026 1131 2065 eas-
1152 2020 1158 2029 '

148 2109 205 2169 qne
223 2100 318 2149 mente
337 2110 393 2148 uon
411 2091 502 2148 miuus
521 2109 601 2169 quam
622 2090 713 2150 oculis
732 2092 927 2170 perspexisse.
957 2091 1131 2150 Cumessern

146 2173 222 2255 apud
242 2173 438 2254 Capharnaum
457 2176 485 2234 in
505 2186 622 2255 captura
640 2176 759 2255 piscium
786 2175 913 2254 positus,
942 2186 973 2234 et
997 2173 1131 2235 sederem

147 2279 236 2339 supra
254 2280 362 2331 suum,
382 2260 493 2319 hamum
511 2271 592 2319 setae
611 2262 744 2317 innexum
763 2270 793 2317 et
811 2258 989 2338 decipiendis
1003 2260 1130 2337 piscibus

146 2354 273 2423 aptatum
292 2344 401 2403 babens
419 2345 448 2401 in
466 2364 560 2414 manu,
580 2344 619 2403 ita
638 2355 670 2401 ut
687 2342 853 2402 haerentem
872 2344 900 2401 ei
919 2363 975 2401 non
990 2345 1130 2401 senserim

147 2430 269 2508 piscem,
288 2427 352 2488 dum
372 2447 451 2486 mens
469 2446 533 2487 mea
552 2447 605 2506 per
626 2425 846 2499 desiderabilem
864 2427 933 2485 mibi
951 2426 1130 2488 Hierusalem

148 2512 275 2573 distenta
293 2522 489 2591 percurreret,
519 2510 555 2569 ad
582 2532 663 2589 quam
691 2529 761 2571 sane
789 2510 1131 2590 Qltssliifflillffl

148 2598 315 2676 (matianum
328 2587 449 2673 uigilans
467 2597 636 2674 frequenter
653 2595 852 2660 ascenderam.
872 2596 988 2655 'Verum
1008 2607 1038 2655 et
1056 2595 1130 2655 Cae-

148 2700 260 2739 saream
280 2681 352 2739 banc
370 2683 467 2739 mirari
485 2682 520 2739 ab
539 2682 602 2740 aliis
620 2680 751 2751 audiens,
773 2691 803 2739 et
812 2679 979 2742 desiderare
989 2678 1129 2752 solebam,

148 2776 180 2824 ct
198 2784 259 2825 eam
279 2768 306 2823 in
326 2784 380 2844 qua
398 2764 519 2824 nondum
539 2767 661 2837 ineram,
681 2764 781 2824 videre
799 2765 866 2824 mibi
884 2764 1014 2837 videbar,
1035 2776 1066 2823 et
1079 2784 1131 2823 eo-

148 2850 273 2927 gitabanu
292 2848 329 2908 de
348 2869 383 2909 aa
401 2870 475 2929 quae
495 2850 665 2909 conveniret
683 2848 719 2908 de
737 2851 854 2908 civitate
872 2869 975 2926 magna
993 2850 1129 2927 eogitari,

149 2945 260 3013 portas,
281 2954 388 3004 muros,
409 2936 534 3005 lavacra,
554 2936 676 3014 plateas,
697 2936 880 3012 angiportus,
901 2935 965 2993 lora
983 2945 1013 2992 et
1029 2934 1130 2992 borum

149 3016 369 3095 consequentia,
389 3017 544 3076 secundum
568 3038 603 3077 ea
629 3019 742 3075 scilicet
769 3037 842 3095 qnae
870 3020 898 3075 iu
925 3018 988 3075 aliis
1014 3018 1132 3075 urbibus

109 3100 111 3111 '
148 3102 294 3170 videram,
323 3112 353 3159 et
379 3102 406 3158 in
425 3111 533 3158 tantum
552 3102 711 3159 intentione
729 3100 926 3159 huiuscemodi
944 3101 1061 3157 intuitus
1080 3098 1131 3157 de-

149 3185 290 3254 lectabar,
312 3194 441 3254 nivere,
461 3185 615 3261 sicutipse
638 3182 746 3253 dixisti,
767 3202 821 3240 nee
839 3193 1019 3260 praesentem
1044 3193 1131 3260 atque

150 3269 309 3328 adstantem
327 3267 475 3339 riderem,
504 3287 558 3327 nec
586 3270 647 3345 ipse
665 3266 715 3325 ubi
740 3266 892 3337 sederem,
921 3286 1047 3325 nossem.
1093 3266 1132 3324 Et

151 3355 266 3413 Simon:
295 3352 395 3423 Modo,
415 3353 516 3430 inquit,
537 3363 619 3412 recte
638 3350 722 3411 dieis.

193 3436 249 3495 65.
295 3437 333 3495 Et
350 3436 467 3495 Petrus:
489 3436 618 3515 Denique
637 3455 700 3494 cum
711 3438 819 3514 piscem
828 3437 978 3495 maximum
991 3435 1130 3513 quibamo

151 3522 327 3592 inhaeserat,
347 3525 443 3580 mente
462 3533 617 3600 occupatus
636 3519 743 3581 babere
761 3521 875 3578 minime
893 3521 1041 3592 sentirem,
1062 3530 1093 3578 et
1101 3518 1131 3577 id

152 3604 265 3682 quidem
283 3624 346 3664 cum
365 3605 438 3663 banni
457 3606 558 3663 lineam
578 3605 615 3664 de
633 3605 760 3664 manibus
778 3606 848 3663 meis
865 3605 1008 3663 violenter
1021 3606 1131 3682 arripe·

153 3700 209 3759 ret,
230 3700 389 3768 stupentem
408 3708 453 3749 me
471 3689 571 3749 videns
589 3691 681 3748 irater
697 3710 777 3748 mous
795 3687 928 3747 Andreas
947 3689 992 3765 qui
1019 3706 1130 3745 mecum

152 3772 284 3845 sedebat,
305 3794 339 3832 ac
357 3794 432 3853 pene
452 3794 593 3846 casurum,
622 3774 695 3833 latus
721 3772 835 3831 lodiens
854 3773 949 3831 cubito
967 3771 1046 3830 velut
1062 3768 1130 3829 dor·

152 3859 286 3918 unientem
305 3860 412 3919 excitat
431 3858 545 3919 dicens:
575 3857 641 3918 Non
658 3856 740 3925 vides
757 3856 871 3935 Patre,
899 3875 981 3941 quam
994 3874 1130 3942 'magnum
