2634 4400
585 357 798 366 Ἣ

200 470 268 530 ideo
287 470 368 528 iussit
385 487 437 528 nos
455 485 607 546 quaerere,
628 487 685 524 non
704 465 779 525 uuio
797 468 835 523 sit
851 458 1020 535 maium,‘ut
1038 478 1068 524 tn
1086 468 1184 544 puniio

200 566 268 614 ante
294 553 473 634 requirebas,
494 551 545 611 sed
564 553 697 610 iustitiam
716 551 783 610 boni
802 550 849 610 dei
867 569 1044 629 regnumque
1062 552 1137 618 eius,
1154 553 1181 623 1)

201 650 232 698 et
249 635 354 710 omnia,
374 639 475 717 inquit,
496 636 568 696 haee
586 635 758 695 adiicientur
773 635 867 697 uobis.
914 635 951 693 iit
969 635 1084 694 Simon:
1105 636 1184 708 (ino-

200 725 287 794 niam‚
308 724 408 804 inquit,
430 721 570 781 Hebraeis
588 722 642 780 ista
665 720 834 779 mandantur
859 720 937 779 reiut
954 729 1037 778 reete
1063 721 1183 778 seienti-

200 807 253 866 hns
272 807 354 868 deum
374 817 404 866 et
421 806 614 885 opinantibus,
635 804 711 884 quod
729 807 920 883 unnsquisque
938 806 967 863 in
986 825 1039 863 suo
1061 803 1182 862 arbitrio

201 893 307 952 habeat
325 911 415 970 agere
434 911 479 961 ea,
500 890 537 950 ‹ie
556 891 656 968 quibus
675 889 844 949 iudicandus
861 900 917 960 est,
937 890 1005 947 mihi
1023 899 1119 947 autem
1146 889 1182 947 air

201 978 257 1047 iliis
275 975 421 1057 discrepat
439 977 593 1046 sententia,
614 973 690 1034 unde
707 977 750 1033 ris
768 986 799 1033 ut
816 975 968 1052 incipiam?
1043 988 1045 993 ’

194 1081 199 1088 ’
243 1062 300 1122 ssi.
345 1061 414 1120 Turn
433 1060 550 1118 Petrus:
571 1059 647 1138 Ego,
668 1059 768 1138 inquit,
789 1057 896 1122 suadeo
922 1061 1014 1138 primo
1042 1077 1183 1136 quaeren-

201 1144 363 1224 tium'esse,
383 1147 407 1204 si
426 1147 453 1221 ir.
472 1155 615 1222 potestate
635 1155 733 1202 nostra
756 1155 801 1203 est
826 1144 903 1201 seire
929 1142 1017 1202 nude
1036 1141 1183 1200 indicandi

201 1231 298 1290 simus.
344 1229 383 1288 Et
401 1230 515 1288 Simon:
535 1229 600 1287 Non
620 1231 671 1299 ita,
692 1229 794 1307 inquit,
814 1227 866 1287 sed
889 1227 925 1287 rle
952 1227 1020 1298 deo,
1049 1226 1126 1286 notio
1154 1239 1184 1286 et

189 1331 301 1395 ‘omues
319 1316 366 1395 qui
383 1324 499 1394 praesto
517 1325 582 1372 sunt
599 1311 698 1372 andire
718 1315 846 1392 eupiunt.
891 1312 930 1370 iit
956 1312 1075 1371 Petrus:
1105 1313 1184 1370 Con„

201 1410 257 1458 stat
275 1419 347 1478 ergo
367 1397 441 1478 apud
460 1409 500 1470 te,
521 1400 585 1477 quia
604 1410 648 1458 est
665 1397 772 1477 aiiqnid
791 1399 819 1456 in
837 1398 948 1455 arbitrii
958 1407 1119 1476 potestate:
1140 1397 1184 1456 ia·

200 1495 265 1544 tere
292 1486 347 1544 hoo
370 1494 478 1543 tantum
497 1485 521 1542 si
540 1494 595 1555 est,
616 1495 646 1542 et
673 1485 850 1562 requiramus
877 1494 908 1541 ut
934 1482 1018 1553 dieis,
1047 1481 1085 1540 ‹ie
1112 1481 1182 1546 deo,

202 1568 301 1630 Simon
329 1568 365 1629 ad
391 1569 464 1628 haee
491 1567 655 1646 respondit:
685 1566 883 1648 Nequaquam.
934 1567 973 1626 Et
997 1567 1116 1624 Petrus:
1151 1567 1184 1624 Si

193 1673 274 1740 ¹ergo
293 1653 361 1714 nihii
384 1665 429 1713 est
446 1655 475 1712 in
495 1664 593 1712 nostra
609 1663 767 1731 potestate,
787 1654 958 1731 superfluum
977 1662 1023 1711 est
1031 1659 1084 1710 uos
1095 1671 1185 1730 quae·

201 1757 268 1798 rere
286 1737 391 1818 aliquid
410 1737 446 1802 de
470 1736 537 1810 deo,
559 1755 620 1796 eum
640 1740 667 1796 in
687 1747 831 1816 potestate
850 1757 906 1796 non
924 1740 963 1796 sit
979 1737 1185 1815 quaerentibus

200 1824 342 1882 invenire.
369 1821 448 1881 Unde
467 1823 542 1881 bene
561 1821 688 1881 dixeram
707 1822 764 1880 hoe
782 1823 875 1901 primo
895 1821 1089 1901 quaerentium
1103 1841 1183 1891 esso,

201 1907 226 1978 si
245 1919 290 1965 est
307 1906 411 1985 aliquid
430 1908 459 1964 in
478 1907 588 1965 arbitrii
607 1915 762 1985 potestate.
807 1907 877 1966 Tum
897 1907 1012 1965 Simon:
1032 1907 1100 1965 Non
1116 1927 1185 1984 pos·

201 2011 308 2062 snmus,
328 1992 429 2071 inquit,
450 2010 486 2050 ne
505 1990 560 2048 hoe
579 1992 668 2068 ipsum
687 1991 800 2071 quidem
818 1992 983 2070 intelligere
1001 1990 1182 2070 quotidiam,

201 2077 226 2136 si
245 2086 290 2151 est
306 2075 411 2154 aliquid
430 2077 459 2133 in
485 2075 596 2134 arbitrii
622 2086 777 2154 potestate.
822 2075 864 2134 A:
881 2076 983 2135 Petrus
995 2075 1185 2154 vidensqaod

201 2159 238 2221 ad
256 2173 365 2241 partem
385 2181 417 2221 se
435 2161 690 2221 contentiosiorem
710 2159 851 2235 decimat,
880 2162 1012 2240 superari
1038 2172 1182 2233 metuens,

201 2258 232 2305 nt
251 2248 330 2327 quasi
349 2250 488 2307 incertum
508 2246 665 2305 confundat
691 2249 796 2319 omnia,
824 2246 986 2325 respondit.
1033 2246 1184 2319 Quomodo

181 2346 274 2411 ergo
293 2334 362 2404 sois,
383 2334 523 2413 quianon
542 2344 587 2391 est
603 2333 632 2391 in
652 2331 774 2402 hominis
793 2343 937 2412 potestate
960 2333 1036 2392 seire
1063 2330 1182 2410 aiiquiti,

202 2420 264 2477 enm
283 2418 340 2476 iroe'
357 2420 447 2495 ipsum
465 2419 560 2477 seiasi
795 2418 797 2422 ’

167 2571 170 2575 q
244 2502 301 2562 22.
348 2503 386 2561 Et
404 2501 520 2561 Simon:
540 2500 662 2573 Nescio,
682 2504 784 2581 inquit,
805 2504 829 2561 si
847 2502 893 2561 vei
911 2501 1066 2581 iroeipsuro
1081 2502 1183 2571 seiam,

200 2588 392 2665 unnsquisque
411 2588 485 2645 enim
504 2589 579 2644 sicut
596 2586 624 2645 ei
642 2588 703 2660 fato
722 2586 909 2656 decernitur,
932 2587 979 2646 voi
997 2588 1060 2664 agit
1076 2585 1186 2665 aiiqnid

193 2672 247 2752 'vei
265 2672 401 2747 inteiligit
417 2671 462 2728 vei
477 2671 595 2749 patitur.
640 2670 711 2729 Tum
722 2671 844 2751 Petrus:
860 2669 982 2741 Videte,
1001 2671 1103 2749 inquit,
1124 2672 1185 2729 ira-

200 2766 278 2826 tres,
298 2756 327 2812 in
345 2774 419 2833 qnae
437 2753 559 2814 absurda
579 2753 722 2813 deciderit
740 2754 851 2827 Simon,
871 2757 918 2835 qui
937 2766 1004 2814 ante
1023 2774 1115 2814 meum
1133 2754 1186 2813 ati·

200 2850 315 2898 ventum
335 2838 469 2910 docebat,
499 2838 575 2918 quoti
601 2839 731 2898 homines
758 2842 786 2896 in
814 2851 958 2919 potestate
985 2840 1127 2898 haberent
1154 2850 1187 2898 et

89 2934 96 2947 '
202 2942 305 3003 ¹sapere
324 2935 354 2982 et
371 2924 471 2983 faeere
490 2942 563 3003 quae
581 2924 701 2995 veilent,
723 2942 804 2994 nune,
815 2926 844 2981 in
872 2936 1022 3003 angustum
1048 2922 1184 2983 redactus

201 3010 376 3083 necessitate
394 3008 558 3078 verborum,
579 3019 667 3087 negat
685 3028 750 3068 esse
768 3010 798 3067 in
816 3008 939 3068 hominis
964 3019 1108 3088 potestate
1135 3020 1185 3067 ant
1229 3074 1235 3086 ἱ

201 3092 344 3155 sentiendi
363 3093 470 3173 aliquid
488 3104 537 3153 aut
553 3093 670 3172 egendi,
691 3106 834 3154 ettamen
861 3093 948 3153 audet
974 3112 1006 3153 se
1034 3092 1185 3152 duetorem

201 3180 342 3271 proiiteri,
391 3178 527 3252 sedulio,
548 3178 690 3258 quomodo
709 3199 782 3257 ergo
801 3174 872 3238 deus
894 3177 1002 3237 iudieat
1028 3177 1185 3244 seeundum

200 3266 351 3341 veritatem
369 3284 595 3343 unumquemque
613 3285 666 3343 pro
685 3265 796 3323 artibus
815 3266 889 3335 suis,
910 3265 934 3321 si
960 3282 1051 3339 agere
1078 3262 1185 3341 aiiquiti

201 3350 230 3406 in
249 3359 393 3426 potestate
412 3368 469 3406 non
488 3349 602 3407 habuit?
620 3348 676 3405 hoe
695 3350 719 3406 si
738 3358 881 3418 teneatur,
903 3349 1185 3407 convulsasuntom·

203 3432 262 3501 nia,
282 3433 389 3489 frustra
408 3434 464 3489 erit
482 3431 603 3491 studium
622 3432 753 3490 sectandi
771 3434 908 3503 meliora,
936 3431 989 3491 sed
1016 3443 1047 3490 et
1070 3430 1184 3490 iutiiees

202 3514 293 3573 seculi
319 3516 425 3573 iru'stra
452 3516 563 3592 iegibus
590 3528 727 3594 praesunt
754 3528 784 3575 et
809 3519 930 3595 puniunt
956 3536 1008 3575 eos
1035 3518 1082 3593 qni
1108 3517 1184 3575 maie

201 3610 306 3676 agrum
326 3619 383 3658 non
403 3601 477 3657 enim
496 3601 524 3657 in
542 3619 593 3659 sna
611 3612 756 3679 potestate
774 3600 945 3671 habuerunt,
966 3610 997 3665 ut
1010 3619 1183 3677 nonpeoca·

174 3724 177 3729 -
202 3693 279 3743 rent.
325 3684 408 3758 Vane
427 3694 510 3743 eruut
529 3694 558 3742 et
577 3686 638 3752 iura
656 3686 837 3768 populorum,
866 3704 939 3776 quae
966 3684 1047 3743 maiis
1070 3684 1183 3757 actibus

193 3852 198 3859 ’
238 3869 263 3928 ¹>
280 3870 371 3930 ιιιιιι,
390 3874 414 3929 s,
434 3872 473 3921 aa.
