2634 4400
606 257 672 324 tte

532 353 743 368 *nnn-t-

144 467 236 543 geniti
264 467 341 536 eins,
369 482 423 542 per
449 466 537 542 ipsum
565 467 649 528 etiam
677 468 762 530 antei
780 464 827 528 dei
846 477 876 526 et
893 467 945 528 lilii
962 467 1127 549 adoptionis

144 552 321 622 existerent·
341 548 416 609 unde
435 559 466 608 et
483 569 539 628 qua
556 551 603 609 via
621 549 651 610 id
668 551 779 628 possint
796 550 958 630 adipisci,
943 573 1011 632 apso
1030 574 1082 614 sos
1095 565 1127 614 ιιι

143 635 390 714 prophetaverunt
408 632 536 705 edocuit,
556 635 651 696 sciens
664 634 771 712 quibus
788 635 900 696 actibus
913 637 1056 697 bominum
1074 638 1126 698 de·

143 721 302 778 lactaretur
319 729 412 797 pater.
460 717 563 778 Unns'
553 729 652 798 itaque
670 717 746 798 apud
762 718 891 780 bomincs
910 731 976 782 tunc
999 721 1054 782 dei
1064 724 1126 782 cul·

143 814 190 863 tus
208 813 283 874 crat,
302 823 382 862 mens
405 821 477 880 pura
503 813 533 861 et
559 803 676 882 spiritus
701 804 895 884 incorruptus.
941 805 1043 875 lltob
1068 806 1125 866 boc

111 929 116 936 -
143 889 236 948 οιιιιιίι
254 899 388 946 creatura
405 887 526 946 hnmano
545 889 647 966 generi
663 885 770 968 foedus
786 888 951 950 inviolabile
969 899 1125 952 conserva·

142 972 204 1032 bat.
251 972 294 1030 (lb
312 973 501 1032 reverentiam
521 991 641 1051 namque
660 974 802 1033 creatoris
820 973 896 1034 nulla
921 973 1073 1053 aegritudo
1096 976 1125 1035 in

144 1077 209 1127 eos,
229 1056 332 1116 nullum
351 1057 447 1114 vitium
467 1057 608 1134 corporis,
630 1058 707 1116 nulla
732 1057 861 1118 ciborum
888 1057 1033 1118 dominata
1059 1079 1126 1118 cor·

143 1143 239 1220 ruptio
258 1151 314 1213 cst,
335 1159 372 1200 ex
390 1159 446 1218 quo
464 1139 562 1212 tiebat,
583 1143 708 1202 utmillc
726 1160 864 1202 annorum
881 1154 971 1209 actas¹
988 1136 1022 1202 iu
1035 1144 1125 1222 inagi-

143 1226 253 1286 litatem
271 1244 328 1284 non
347 1223 490 1284 incideret
506 1228 676 1286 senectutis.

187 1308 242 1379 to.
289 1307 350 1369 Sed
367 1308 414 1368 ubi
433 1310 492 1369 vita
509 1309 616 1369 laboris
638 1330 743 1389 expers
767 1309 907 1372 bonorum
934 1329 1125 1391 perseveran-

143 1396 210 1454 tiam
229 1413 286 1452 non
305 1395 412 1472 putavit
430 1392 524 1452 divina
541 1395 708 1471 largitione,
729 1394 782 1456 set
798 1413 893 1456 rernm
912 1397 989 1456 forte
1002 1395 1125 1457 conc'es-

142 1499 215 1550 snm,
236 1489 266 1538 et
282 1480 345 1538 sinc
363 1479 421 1536 ullo
440 1477 545 1538 sudore
564 1477 677 1540 divinae
686 1480 867 1540 amoenitatis
877 1478 990 1540 deliciis
998 1474 1122 1559 p'crlrui,

142 1573 264 1622 naturae
282 1561 407 1624 debitum
427 1573 457 1622 et
474 1583 531 1622 non
559 1561 606 1621 dei
631 1561 769 1623 bonitatis
794 1582 895 1624 nunus
920 1565 1046 1644 accepit.
1091 1565 1124 1626 ln

142 1647 304 1708 contrarias
323 1667 375 1726 per
393 1647 465 1706 baec
484 1647 613 1707 beminen
631 1658 662 1708 et
675 1649 781 1727 impias
798 1648 992 1726 cogitationes
1001 1650 1063 1709 otio
1072 1645 1125 1707 do·

141 1743 229 1792 centc
247 1733 427 1810 perveniunt,
448 1741 580 1809 putantes
599 1731 718 1793 deorum
736 1733 791 1793 sibi
809 1734 893 1792 vitam
913 1733 996 1792 nullis
1016 1733 1125 1792 labori·

105 1867 110 1872 .
141 1817 195 1875 bns
212 1817 352 1894 nullisque
372 1817 480 1878 meritis
498 1827 603 1876 nutam.
651 1816 724 1877 ilinc
746 1818 901 1896 proiciunt
926 1819 955 1876 in
982 1816 1122 1890 deterius,

141 1912 174 1959 ut
191 1919 284 1979 noque
303 1899 482 1979 providentia
500 1899 547 1959 dai
564 1899 944 1980 mundumrcgicrodcrent,
964 1904 1124 1981 nemenio·
1241 1934 1244 1942 ι
1277 1883 1280 1894 '

141 1985 248 2044 tutibus
267 2004 330 2044 esse
349 1985 470 2062 aliquem
489 1986 595 2057 locum,
615 1984 848 2064 qnandoquidem
869 1987 1041 2066 semetipsos
1066 1989 1125 2044 sci-

140 2081 208 2129 rent
225 2070 308 2129 nullis
326 2071 405 2147 prius
423 2069 506 2129 bonis
528 2070 665 2148 operibus
681 2069 840 2149 adsignatis
862 2071 913 2130 otii
940 2090 975 2130 nc
1002 2057 1122 2142 delicia·

140 2175 203 2213 rum
222 2173 355 2215 summam
374 2164 489 2226 tenere,
508 2164 539 2217 et
555 2155 664 2217 ammos
683 2154 730 2217 dei
752 2154 860 2234 absque
887 2155 952 2217 ullis
978 2154 1123 2252 laboribus

139 2238 255 2299 baberi.

186 2325 241 2383 ll.
288 2323 444 2385 iustissimo
463 2325 559 2402 itaque
578 2322 626 2383 dei
644 2321 787 2383 iudicio
779 2344 808 2383 tn
832 2320 992 2383 huiusmodi
1011 2324 1124 2401 cogita-

139 2412 249 2468 tionum
267 2410 392 2467 vanitate
419 2407 619 2485 languentibus
626 2447 635 2479 ‚-
664 2407 780 2467 labores
806 2416 838 2465 et
862 2404 1043 2467 adflictiones
1069 2426 1123 2485 pro

139 2492 271 2553 remedio
290 2494 488 2553 conferantur.
510 2546 514 2555 ,
536 2492 590 2551 Ubi
608 2511 681 2570 ergo
700 2489 792 2551 adluit
808 2490 890 2551 labor
906 2510 942 2549 ac
964 2491 1122 2563 tribulatio,

140 2577 310 2637 deliciarum
330 2588 360 2638 et
376 2577 558 2639 amoenitatis
577 2577 688 2641 exclusi
704 2586 770 2635 sunt
787 2576 865 2635 loco.
910 2574 1003 2635 Terra
1027 2584 1123 2635 autom

139 2664 239 2740 coepit
257 2663 325 2720 nihil
344 2664 399 2721 cis
405 2662 467 2722 sine
485 2661 585 2721 labore
603 2659 783 2741 producere,
802 2671 834 2720 ct
850 2671 918 2719 tunc
935 2678 1076 2728 conuersa
1094 2660 1123 2717 in

138 2746 301 2807 bominibus
327 2748 479 2825 cogitatio,
510 2747 652 2809 creatoris
678 2746 724 2807 sui
749 2746 900 2823 requirere
927 2754 1124 2805 commonetur
1158 2822 1161 2825 ἢ
1199 2750 1207 2761 ’

138 2822 286 2900 auxilium,
306 2832 531 2892 coerctionibus
549 2850 583 2892 ac
601 2832 677 2891 votis
694 2828 840 2910 praesidia
865 2830 988 2889 invitare
1015 2827 1120 2888 divina.

85 2942 90 2954 i
137 2915 205 2975 Et
196 2926 236 2974 tta
253 2916 358 2975 lactum
376 2927 433 2987 est,
453 2927 484 2974 ut
501 2916 606 2976 cultum
625 2915 672 2975 dci
690 2934 774 2993 quens
799 2929 853 3015 pro
879 2915 962 2973 bonis
983 2914 1124 2991 neglexe-

136 3011 215 3069 rant,
236 3010 443 3076 recuperarent
460 3018 514 3076 pro
531 3000 623 3071 malis,
644 3010 675 3059 et
692 3000 886 3077 cogitationes
905 3000 933 3057 in
952 2996 1035 3057 deum
1054 3016 1124 3075 quas

137 3092 323 3164 perverterat
340 3080 528 3157 indulgentia,
549 3081 718 3143 emendaret
733 3081 871 3140 adflictio.
919 3081 970 3139 Sic
988 3098 1061 3157 crgo
1080 3079 1123 3139 di·

137 3169 207 3227 vina
225 3184 295 3243 prot
297 3163 405 3223 udentia
423 3165 478 3223 boc
497 3184 562 3225 esse
580 3164 676 3223 utilius
693 3165 853 3223 bominibus
870 3163 982 3234 videns,
1001 3162 1123 3221 viasbe

138 3250 289 3327 nigritatis
307 3260 337 3309 et
354 3247 556 3320 abundantiae,
575 3260 707 3349 tanquam
726 3267 798 3327 quae
817 3245 996 3319 laederent,
1011 3246 1123 3305 subtra-

139 3337 184 3395 bit
200 3334 236 3393 ab
254 3333 425 3405 bominibus,
446 3344 477 3393 et
494 3334 653 3395 vexationis
672 3334 730 3392 iter
746 3352 781 3391 ac
799 3328 1120 3391 tribulationisindocit.

186 3419 239 3478 tlt.
284 3417 347 3479 ‘Sed
365 3430 395 3477 ut
414 3417 592 3489 ostenderet,
614 3420 680 3496 quia
697 3418 769 3477 baec
787 3438 840 3495 pro
860 3417 980 3495 ingratis
999 3435 1123 3494 ageren-

140 3516 198 3574 tur,
218 3522 301 3563 unum
312 3503 499 3581 quendamcx
515 3504 571 3561 illis
590 3504 636 3582 qui
654 3504 784 3581 primitus
803 3511 961 3580 coeperant
971 3520 1036 3561 esse
1046 3520 1123 3559 mor·

141 3590 226 3659 tales,
247 3588 321 3666 quod
341 3608 403 3649 eum
422 3589 532 3666 gratiae
551 3606 619 3647 suae
638 3608 695 3647 non
713 3588 907 3646 immemorem
916 3585 998 3657 vidit,
1018 3586 1122 3663 etquis

141 3673 269 3750 speravit
286 3674 423 3733 invocaro
442 3692 545 3732 nomen
564 3671 687 3743 domini,
708 3669 744 3731 ad
772 3671 945 3731 immortales
966 3670 1119 3738 transtulit,

142 3757 267 3815 cacteris
295 3759 342 3835 qui
369 3759 397 3815 in
425 3768 531 3817 tantum
559 3757 664 3835 ingrati
692 3757 827 3826 extitere,
856 3766 959 3815 ut‘ncc
978 3752 1123 3816 laboribus

143 3850 173 3898 ct
191 3841 420 3901 tribulationibus
439 3840 586 3901 emendari
605 3852 634 3901 et
662 3841 771 3918 corrigi
798 3842 927 3919 possint,
956 3839 1122 3917 gravinum
