2634 4400
618 307 664 367 tlt

535 399 747 412 b--n-——u——a—

148 529 234 590 supra
252 528 336 570 emne
354 527 446 590 genus
465 510 605 570 huminum
625 511 755 589 cupidus,
776 513 815 570 ita
827 519 864 571 'ut
882 513 1025 571 excelsam
1038 515 1132 572 'uirtu-

148 608 208 656 tem
231 613 304 674 quse
322 613 406 676 supra
426 606 588 670 createrem
603 581 687 655 deum
705 598 753 668 sit,
774 595 897 656 eredise
908 599 988 668 velit,
1009 598 1132 656 ctCluri-

148 693 222 740 stnrn
241 681 347 759 putari,
367 691 452 759 etque
472 680 601 740 Stantem
629 683 780 741 seminari.
828 682 889 741 llae
915 695 1010 742 aetem
1032 685 1132 761 appel·

149 767 258 825 latione
275 765 364 824 utitur
381 767 461 844 quasi
480 767 527 844 qui
546 776 635 843 neget
652 785 738 844 pesse
764 785 798 826 se
823 767 975 846 aliquunde
1001 767 1130 839 dissolri,

148 848 289 909 adserens
315 867 430 910 aruum
457 868 535 910 suem
558 851 598 910 ite
615 849 771 909 divinitatis
789 871 858 911 suae
876 851 981 910 virtute
999 871 1133 930 sempec-

149 946 218 1006 tam,
238 945 270 994 ut
285 936 378 1014 pessit
395 934 423 993 in
442 946 589 994 aeternum
608 933 724 994 dumne.
751 936 823 994 llinc
841 955 914 1014 erga
929 937 1016 996 Stans
1032 937 1132 1015 appel·

150 1019 236 1090 latur,
255 1029 386 1098 tanquam
406 1021 452 1098 qui
472 1039 527 1078 non
546 1015 644 1098 pessit'
654 1021 711 1079 nlla
728 1022 915 1100 corruptione
933 1020 1083 1080 decidere.

192 1103 227 1163 8.
273 1103 433 1164 Interiectu
461 1106 579 1175 etenim,
604 1107 762 1163 sicut‘seis
791 1107 917 1184 etipse,
945 1106 1067 1185 baptista
1086 1105 1133 1164 10-

149 1189 256 1259 banae,
276 1208 339 1248 cnm
359 1187 514 1248 [dositheus
532 1189 1048 1261 haereseessaaeinissetuxordiam,
1069 1210 1132 1248 cnm

149 1274 213 1334 eliis
230 1274 349 1350 triginta
375 1274 576 1354 priucipnlibus
600 1273 748 1352 discipulis
775 1286 806 1334 et
831 1295 886 1333 una
913 1277 1033 1337 muliere
1059 1293 1132 1352 quine

149 1357 231 1424 Luna
248 1359 374 1417 recitata
392 1369 438 1418 est
465 1357 553 1432 (unde
578 1370 609 1418 et
629 1359 671 1418 illi
689 1360 807 1435 triginta
826 1361 906 1438 quasi
919 1359 1075 1419 secundum
1091 1361 1133 1416 ln·

150 1461 205 1502 nne
224 1461 336 1502 cursum
354 1443 382 1500 in
401 1461 520 1502 numere
539 1442 647 1502 dierum
667 1445 752 1521 pesiti
763 1442 956 1515 videbantur),
977 1444 1075 1502 Simus
1086 1445 1132 1501 lric

149 1527 253 1598 malae,
273 1539 305 1586 ut
322 1525 458 1598 diximus,
480 1529 591 1605 gloriae
618 1526 737 1610 cupidus
762 1527 878 1586 nccedit
903 1528 940 1588 ad
964 1528 1129 1586 Desitlrcum

150 1623 182 1674 et
203 1611 340 1675 simulatis
365 1614 498 1672 amicitiis
525 1624 639 1684 exeret,
668 1624 699 1672 nt
724 1614 749 1670 si
772 1611 885 1690 quande
903 1613 1004 1690 aliquis
1022 1613 1133 1672 exiliis

38 1740 41 1748 .
149 1698 269 1774 triginta
287 1697 407 1769 obisset,
427 1699 456 1756 in
475 1697 568 1757 lecum
587 1695 715 1756 defuncti
733 1715 766 1756 se
785 1698 921 1756 continno
943 1691 1131 1774 subre'gsret3

150 1783 218 1861 quie
233 1800 329 1860 neque
346 1793 480 1841 statutum
499 1799 644 1841 nnmerum
664 1781 810 1841 excedere
832 1781 907 1862 apud
925 1801 977 1842 ees
994 1783 1039 1840 ias
1056 1793 1131 1852 erat,

150 1885 245 1945 aeque
271 1867 407 1944 ignetnm'
426 1867 547 1946 aliquem
575 1868 707 1925 inserere
733 1877 782 1924 snt
813 1865 935 1926 nendu-
966 1866 1131 1944 preliatum,

149 1949 227 2010 unde
254 1962 285 2010 et
310 1953 420 2009 caeteri
446 1949 595 2010 studentes
620 1951 699 2030 digni
718 1953 784 2010 lece
801 1969 836 2010 uc
854 1971 973 2013 numere
992 1950 1066 2022 lieri,
1086 1971 1133 2010 sc·

144 2034 272 2094 ,cundum
296 2046 395 2116 sectus
417 2055 486 2094 sune
514 2037 641 2094 instituta
667 2037 784 2116 plneere
810 2055 864 2114 per
881 2037 976 2095 omniu
993 2039 1131 2114 gestiunt,

150 2139 210 2200 quse
226 2121 318 2199 pessit
336 2122 527 2201 uuusquisque
546 2117 588 2181 'ex
614 2122 658 2180 his
686 2123 733 2203 qui
751 2121 828 2180 illum
846 2141 992 2181 nnmerum
1010 2141 1133 2200 sequun-

128 2217 209 2276 ,tar‚
230 2224 293 2265 tenu
303 2207 382 2264 sorte
390 2208 503 2285 uliquis,
524 2218 555 2265 ut
565 2205 698 2278 diximus,
720 2205 894 2278 decesserit,
914 2204 1131 2284 dignusvideri,

149 2290 199 2371 qni
218 2291 247 2348 in
265 2291 358 2349 lucum
385 2288 512 2349 defuncti
539 2290 673 2349 substitui
698 2290 815 2349 dehent.
862 2291 953 2368 igitur
979 2290 1134 2349 Desitlens

150 2376 279 2455 plurimis
300 2375 341 2433 'nb
368 2374 423 2434 huc
451 2386 598 2446 exoratus,
619 2375 667 2434 ulti
685 2375 767 2433 lesus
785 2376 860 2433 intra
876 2394 1023 2434 nnmerum
1040 2376 1134 2433 iactus

151 2469 209 2530 est,
228 2458 388 2519 introduxit
405 2459 561 2519 Simonem.

194 2543 229 2603 9.
274 2542 334 2603 Sed
353 2544 399 2603 lric
418 2564 474 2603 nou
493 2544 580 2603 multe
598 2541 782 2625 pestiucidit
808 2546 837 2604 in
864 2564 990 2604 emerem
1007 2544 1135 2603 mulieris

149 2629 228 2689 illias
258 2648 341 2709 qnam
371 2628 480 2690 Lunam
506 2637 628 2701 coeant,
657 2629 798 2708 nodisque
825 2640 926 2711 utpute
947 2629 1135 2689 familiaribus

151 2716 211 2774 suis
229 2716 324 2773 emnie
342 2712 549 2787 concredcbat,
570 2712 645 2794 qued
666 2734 764 2791 meges
781 2725 870 2786 esset,
890 2726 922 2773 et
935 2714 1011 2794 qued
1024 2722 1137 2773 amaret

151 2798 280 2871 Lunam,
308 2798 442 2879 medune
465 2800 577 2881 glerise
599 2797 720 2879 cupidus
745 2799 837 2858 uellet
853 2819 889 2859 en
907 2800 1047 2877 inglorius
1065 2800 1133 2867 irui,

152 2881 206 2943 sed
223 2894 396 2963 exspectare
422 2886 568 2963 patienter
594 2883 689 2944 denec
714 2884 836 2944 honeste
853 2904 890 2943 ea
907 2886 949 2943 nti
967 2885 1082 2955 liceret,
1110 2884 1136 2940 si

151 2979 249 3027 temen
276 2969 363 3025 etiam
391 2988 443 3027 uus
470 2969 701 3049 censpireremus
727 2970 756 3027 ei
782 2967 820 3027 ad
846 2970 942 3027 emnia
960 2988 1039 3048 qnae
1052 2968 1153 3040 velit·

152 3051 215 3112 Sed
233 3061 264 3109 et
280 3050 445 3111 mercedem
472 3055 622 3112 ministerii
648 3054 732 3112 huius
755 3052 883 3111 daturum
901 3071 935 3113 se
953 3052 1035 3111 uehis
1052 3052 1136 3131 pulli·

150 3133 287 3206 celatur,
307 3136 420 3195 summis
437 3147 469 3195 ut
485 3136 642 3195 henorilms
660 3137 750 3206 allici,
771 3148 802 3195 et
819 3136 858 3194 dii
876 3156 942 3195 esse
959 3136 996 3194 uls
1014 3137 1136 3195 homiui·

154 3220 208 3279 lues
226 3216 424 3293 crederemur,
452 3230 561 3279 tautum
579 3230 611 3278 nt
627 3220 708 3291 milui,
736 3221 839 3298 inquit,
868 3219 978 3279 Simoni
997 3220 1136 3279 deieratis

149 3306 304 3385 primatus,
325 3306 374 3383 qui
391 3324 504 3385 pessum
523 3306 638 3383 magice
654 3316 720 3363 arte
741 3305 828 3363 melta
853 3306 937 3383 signa
955 3315 986 3364 et
1002 3304 1136 3385 prodigia

152 3387 322 3460 estendere,
339 3408 392 3469 per
417 3409 492 3469 quae
509 3392 599 3469 pessit
615 3390 661 3449 vel
680 3390 793 3467 gloriae
823 3391 869 3449 vel
896 3401 996 3449 sectae
1017 3401 1136 3449 nestrae

151 3476 228 3533 ratio
247 3485 393 3534 censure.
440 3475 556 3534 Pessum
573 3476 647 3535 enim
667 3477 768 3534 iacere
784 3484 817 3533 ut
833 3475 1136 3536 volentibusmecnm·

152 3558 334 3638 prehendere
371 3578 426 3619 nen
446 3578 610 3639 appaream,
631 3570 663 3618 ct
678 3578 778 3618 rursus
804 3560 904 3619 velens
929 3558 1020 3619 videri
1043 3560 1136 3637 palam

156 3645 226 3714 sim,
240 3646 264 3702 si
282 3644 386 3721 lugere
412 3646 497 3704 velim
520 3656 631 3705 mentes
649 3644 796 3723 perierem
814 3656 845 3703 et
861 3662 933 3703 saxu
950 3645 1031 3722 qussi
1048 3638 1136 3701 lutum

155 3738 363 3807 pertranseam,
384 3732 408 3787 si
427 3748 472 3789 me
491 3728 527 3789 de
546 3740 641 3789 mente
652 3729 770 3789 excelse
784 3729 982 3808 praecipitem,
1002 3738 1136 3804 nequem

156 3811 309 3871 subuectus
328 3810 364 3871 ad
382 3824 476 3873 terres
495 3815 610 3873 illaesus
627 3812 756 3873 deferar.
802 3812 924 3872 Vinctus
942 3814 1136 3889 memetipsum

98 3938 102 3951 .
153 3896 279 3969 selvam,
309 3916 360 3957 ees
386 3916 456 3959 vere
486 3900 532 3981 qui
559 3899 673 3959 vincula
690 3899 852 3960 iniecerint.
865 3898 978 3958 vinetus
1004 3894 1134 3966 reddam,
