2634 4400
669 299 734 362 tot

589 385 803 412 4---.

207 527 262 566 nec
281 516 377 584 potest
394 507 486 564 anima
505 523 577 584 qnae
596 502 642 563 dci
662 523 760 563 amore
779 504 889 582 repleta
909 515 964 574 est,
984 503 1059 562 alind
1078 505 1187 582 aliquid

207 593 311 650 intueri
330 591 383 650 nisi
403 589 477 671 quod
496 589 531 649 ad
549 587 632 649 deum
650 591 787 668 pertinet,
809 608 863 648 nee
882 590 978 648 satiari
999 591 1186 667 potest-prae

207 695 304 734 amore
324 677 395 745 eius,
422 694 546 753 eaquae
565 675 618 753 ipsi
637 676 775 732 scitesse
801 674 906 751 placita
929 673 1103 732 meditando.
1152 674 1186 730 lii

206 779 277 820 vero
296 761 342 838 qui
361 761 492 818 allectum
513 761 574 818 eius
592 760 706 817 minime
725 777 901 836 concepere,
922 777 977 816 nec
1004 759 1187 816 illuminatam

208 847 356 904 caritatem
376 846 437 903 eins
455 857 560 921 gerunt
577 853 685 913 mente,
705 844 829 902 velutin
847 842 975 901 tenebris
993 844 1079 920 positi
1095 844 1188 900 locem

206 929 306 987 videre
325 950 381 987 non
400 940 528 1008 possunt.
576 928 613 986 Εἰ
630 927 697 986 ideo
716 929 802 986 etiam
821 928 981 1005 priusquam
993 928 1187 1003 incipiantre-

208 1016 322 1092 quirere
342 1012 377 1071 de
395 1013 463 1084 deo,
485 1014 564 1091 quasi
583 1012 682 1071 labore
700 1013 832 1092 oppressi
850 1013 944 1070 statim
973 1011 1124 1082 deliciunt,
1152 1033 1188 1071 ac

207 1097 303 1156 taedio
322 1098 425 1175 repleti
444 1099 580 1156 continuo
598 1118 615 1155 a
633 1098 750 1174 propria
768 1095 976 1155 consuetudine
995 1097 1144 1174 rapiuntur
1152 1097 1189 1155 ad

208 1202 243 1240 ea
260 1181 349 1239 verba
368 1181 467 1259 quibus
486 1180 678 1241 delectantur.
725 1180 798 1239 Nam
817 1180 853 1240 de
873 1180 928 1239 deo
955 1179 1054 1238 andire
1082 1174 1189 1258 aliquid

206 1266 310 1338 talibus
328 1265 486 1326 taediosum
505 1278 549 1326 est
567 1277 597 1324 et
615 1267 776 1339 molestum,
788 1287 840 1343 pro
852 1264 1010 1336 eontdini,
1032 1265 1188 1342 qniomens

208 1371 306 1410 eorum
325 1351 427 1410 nnllam
448 1350 627 1410 dulcedinem
647 1348 759 1409 divinae
778 1352 908 1408 caritatis
925 1350 1051 1428 aceepit.

248 1434 306 1494 65.
354 1437 432 1495 llaec
452 1437 537 1496 Petro
557 1435 673 1498 dicente
700 1434 762 1494 dies
782 1446 899 1494 exortus
918 1445 980 1506 est,
1001 1445 1031 1492 et
1049 1452 1121 1493 ecce
1139 1455 1189 1494 vc-

207 1523 288 1580 niens
316 1521 427 1598 quidam
455 1541 492 1580 ex
518 1520 666 1600 discipulis
693 1519 817 1578 Simonis
836 1519 977 1578 clamabat
994 1519 1110 1577 dicens:
1132 1519 1189 1577 0t-

207 1626 291 1664 sccro
310 1617 339 1664 te
359 1606 456 1678 Petre,
477 1607 590 1684 suscipe
609 1625 653 1664 me
673 1606 804 1663 miserum
823 1625 840 1662 a
857 1625 942 1681 mago
953 1603 1070 1662 Simone
1080 1603 1190 1682 decep-

208 1702 276 1760 lum,
297 1692 343 1748 cni
363 1709 420 1767 ego
437 1691 515 1750 velut
533 1691 653 1748 coelesti
673 1688 730 1747 deo
748 1687 943 1758 intendebam,
972 1708 1025 1766 pro
1053 1689 1189 1767 hisquae

207 1776 242 1833 ab
266 1793 301 1832 eo
322 1774 385 1832 lieri
404 1775 577 1833 mirabilibus
604 1773 745 1832 videbam.
791 1772 906 1831 Auditis
928 1784 1022 1832 tamen
1048 1774 1190 1831 sermoni

207 1859 260 1916 bus
287 1859 342 1916 tuis
370 1860 467 1937 coepit
493 1861 548 1918 iarn
576 1860 642 1917 mibi
669 1859 754 1917 bomo
781 1856 884 1928 videri,
906 1869 936 1916 et
954 1856 1067 1936 quidem
1086 1858 1188 1916 molus.

206 1943 400 2000 Veruntamen
430 1963 492 2001 cum
519 1944 595 2002 binc·
612 1944 726 2014 exiret,
756 1961 812 2019 ego
840 1962 903 2000 enm
922 1942 1111 2019 subsequutus
1129 1963 1190 2000 snm

207 2026 296 2097 solus,
317 2026 439 2085 nondum
458 2023 533 2084 euim
552 2025 587 2084 ad
606 2025 740 2104 liquidum
759 2027 920 2105 impietates
931 2028 992 2084 eius
1002 2046 1188 2103 agnoveram.

209 2110 278 2169 Cum
297 2122 390 2169 autem
409 2110 528 2169 vidisset
546 2110 846 2188 me'subsequentem,
876 2111 988 2170 beatum
1017 2130 1061 2169 me
1089 2110 1191 2170 dicens

208 2194 341 2275 perduxit
359 2195 396 2254 ad
414 2195 526 2255 domum
545 2217 635 2268 suam,
657 2198 735 2255 circo
754 2195 875 2255 medium
893 2216 964 2255 vero
984 2198 1077 2254 noctis
1095 2200 1137 2255 uit
1154 2196 1191 2255 ad
1212 2268 1215 2274 Ι

207 2300 269 2340 me:
291 2281 419 2340 Omnium
437 2293 467 2341 tc
485 2283 627 2341 bominum
646 2283 750 2340 luciam
769 2283 929 2352 meliorem,
949 2282 974 2339 si
991 2281 1125 2354 volneris·
1142 2303 1191 2340 ns-

209 2386 262 2445 que
282 2365 317 2424 od
336 2368 420 2425 linem
438 2387 628 2447 perseverare
646 2386 773 2439 mecnm3
794 2368 840 2425 cni
851 2387 913 2425 cum
924 2367 1117 2445 promisissem
1128 2368 1192 2424 exi-

208 2452 251 2528 git
269 2472 348 2521 ame
367 2448 552 2511 iuramentum
571 2453 819 2530 perseverantiae,
844 2470 937 2529 eoque
960 2461 1081 2528 accepto
1100 2452 1191 2529 impo-

208 2538 265 2595 suit
283 2552 370 2613 snper
388 2537 521 2595 humeros
540 2556 619 2595 meos
642 2533 751 2614 polluta
778 2535 915 2614 quaedam
942 2547 972 2594 et
999 2535 1192 2595 exsecrabilia

208 2632 323 2678 secreta
342 2640 392 2677 sua
410 2631 440 2677 ut
457 2632 615 2697 portarem,
637 2630 667 2677 et
685 2623 766 2699 sequi
782 2640 827 2679 me
836 2622 928 2680 iussit.
977 2618 1029 2677 Ubi
1039 2638 1110 2677 vero
1119 2640 1190 2678 ven-

208 2714 265 2761 tum
286 2714 329 2762 cst
347 2702 382 2761 ad
404 2724 494 2776 mare,
515 2706 656 2781 navigium
676 2704 752 2781 qnod
770 2706 846 2763 iortc
864 2704 965 2763 aderat
982 2705 1140 2781 ingressus,
1161 2704 1191 2763 id

209 2809 225 2848 u
248 2788 409 2846 cervicibus
435 2790 506 2846 meis
533 2787 608 2865 quod
635 2789 757 2865 portare
771 2808 816 2847 mc
838 2792 972 2859 iusserat,
997 2789 1106 2846 sumsit.
1153 2789 1192 2847 Et

209 2873 293 2950 poulo
313 2882 379 2948 post
397 2890 532 2947 egressus
551 2872 619 2929 nibil
639 2872 756 2943 extulit,
774 2884 895 2948 ¹certum
918 2871 994 2952 quod
1017 2874 1044 2929 in
1064 2892 1142 2931 mare
1161 2872 1191 2931 id

209 2958 330 3013 iecerat.
378 2954 509 3031 Rogabat
527 2966 619 3014 antem
647 2974 704 3026 me,
734 2966 764 3014 ut
791 2977 853 3016 cum
880 2960 944 3036 ipso
971 2958 1188 3036 proficiscerer,

209 3038 308 3097 dicens
327 3059 359 3098 sc
378 3038 493 3097 Romam
512 3052 625 3118 petere,
646 3040 685 3098 ibi
704 3042 824 3100 enimin
844 3053 949 3101 motum
960 3042 1139 3120 placiturum,
1160 3052 1192 3099 ut

210 3123 280 3185 dens
299 3135 414 3201 putetur
431 3124 582 3187 etdivinis
601 3125 715 3204 publice
734 3125 858 3185 donetur
883 3126 1050 3184 bonoribus.
1096 3126 1188 3196 Tunc,

209 3209 311 3285 inquit,
332 3220 360 3268 te
381 3209 508 3267 omnibus
527 3210 632 3269 divitiis
651 3212 804 3289 repletum,
824 3212 848 3269 si
867 3212 921 3275 buc
948 3210 1045 3268 redire
1072 3210 1191 3287 placue-

210 3294 258 3363 rit,
280 3302 309 3350 et
331 3294 458 3371 pluribus
476 3295 574 3352 fultum
594 3296 759 3353 ministeriis
777 3297 896 3353 mittam.
943 3294 1023 3351 llaec
1043 3313 1099 3370 ego
1109 3293 1202 3351 audi-v

210 3396 272 3447 ens,
294 3387 323 3434 et
342 3378 408 3435 nibil
428 3380 455 3436 in
475 3398 511 3436 co
530 3378 684 3437 secundum
703 3380 776 3437 banc
787 3380 995 3457 professionem
1005 3376 1117 3449 videns,
1138 3377 1191 3435 sed

211 3482 322 3538 magum
346 3474 375 3520 et
393 3461 579 3540 deceptorem
599 3481 663 3522 esse
682 3464 862 3541 intelligens,
892 3460 1045 3541 respondi:
1075 3462 1190 3534 Quaeso

209 3559 239 3605 te
258 3548 377 3623 ignosce
396 3548 461 3605 mibi
490 3549 555 3625 quia
581 3546 672 3626 pedes
699 3547 796 3620 doleo,
825 3559 856 3606 et
882 3558 1038 3625 propterca
1065 3548 1146 3604 exire
1174 3566 1192 3603 a

210 3631 355 3690 Caesarea
374 3653 429 3690 non
447 3633 545 3705 valeo3
566 3644 720 3711 praeterea
739 3644 783 3691 est
801 3632 868 3689 mibi
886 3652 970 3703 uxor,
999 3641 1065 3688 snut
1081 3631 1192 3707 parvuli

210 3716 303 3787 liberi,
325 3738 395 3795 quos
415 3719 576 3795 relinquere
596 3719 710 3776 omnino
728 3737 784 3774 non
807 3736 932 3794 possum.
978 3713 1018 3772 At
1044 3715 1092 3772 ille
1118 3715 1191 3796 baec

210 3799 328 3859 audieus
348 3814 377 3860 ot
394 3805 525 3880 ignaviae
544 3822 589 3861 mo
608 3804 752 3871 incusans,
773 3801 922 3879 profectus
948 3810 993 3858 est
1011 3810 1113 3857 contro
1132 3796 1191 3854 Do-

210 3906 269 3943 ram
289 3886 402 3945 dicens:
425 3887 492 3945 Cum
513 3886 637 3945 audieris
656 3896 759 3962 quanta
776 3885 843 3941 mibi
862 3885 956 3960 gloria
982 3885 1037 3941 erit
1065 3885 1093 3939 in
1119 3883 1191 3940 urbe
