2634 4400
524 287 733 396 „L

137 502 167 552 ot
193 511 273 552 mens
300 491 447 569 acceperit
473 501 612 554 nocturna
640 493 764 564 silentia,
786 495 1023 572 opportunissime
1042 513 1115 572 quae

136 575 278 638 doeeutnr
295 574 431 635 insident.

176 663 211 721 5.
259 661 296 720 Et
306 661 407 722 Petrus
417 660 541 720 libenter
550 663 708 740 accipiens,
729 660 803 742 quod
822 663 1012 724 intellexerim
1030 683 1115 743 prae·
1185 731 1188 734 ⁴

134 748 251 806 lationis
279 748 340 806 eius
363 765 490 804 caussam
517 744 554 804 ad
572 748 722 807 utilitatem
741 758 865 808 nostram
884 749 1034 826 prolatam,
1055 748 1116 807 eol-

135 830 253 892 laudaus
270 851 315 890 me
342 829 511 891 adhortandi
530 841 559 890 et
582 830 720 892 incitandi
737 835 801 896 sine
820 830 905 894 dubio
920 833 1024 910 gratia,
1045 853 1116 892 cou-

133 927 304 996 sequentem
331 917 429 995 eoepit
455 913 593 994 expedire
621 925 798 975 sermonem:
828 917 1021 997 Opportunum
1049 919 1116 975 milri

135 1021 210 1060 nunc
229 1012 259 1060 et
277 1001 479 1060 necessarium
490 1000 612 1073 videtur,
634 999 670 1060 de
690 1002 824 1082 hisquae
851 1003 997 1062 imminent
1023 1003 1116 1080 aliqua

135 1085 294 1157 discutere,
315 1083 418 1156 idest,
440 1083 475 1144 de
499 1085 627 1150 Simone,
675 1085 760 1146 Scire
788 1088 863 1147 enim
889 1087 985 1157 velim,
1015 1086 1116 1165 quilius

135 1172 172 1230 sit
190 1170 322 1254 moribus
334 1181 364 1228 et
382 1169 481 1248 quibus
499 1170 625 1241 actibus,
655 1170 731 1249 quod
754 1172 846 1251 milti„
861 1173 885 1229 si
903 1173 966 1250 quis
984 1173 1052 1242 scit,
1071 1173 1115 1256 ju-

135 1254 235 1316 dicare
253 1275 309 1314 uon
329 1266 441 1327 cesset3
469 1256 562 1314 relect
580 1257 653 1314 euim
672 1257 728 1316 ista
746 1275 952 1335 praenoscere.
1000 1255 1073 1315 Nam
1091 1258 1115 1314 si

134 1343 164 1400 iu
182 1338 321 1400 mandatis
339 1339 490 1410 habemus,
517 1350 550 1398 ut·
563 1341 714 1400 venientes
740 1340 776 1400 ad
804 1342 947 1400 civitatem
975 1342 1116 1401 discamus

134 1426 225 1505 prius,
246 1426 308 1504 quis
327 1425 355 1482 iu
374 1443 409 1484 ea
427 1423 529 1500 diguus
548 1426 586 1482 sit
611 1436 642 1483 ut
668 1424 742 1503 apud
765 1444 827 1484 eum
847 1425 939 1484 cibum
958 1446 1114 1494 sumamus3

135 1521 240 1589 quanto
259 1510 349 1586 magis
368 1509 503 1568 convenit
520 1528 655 1577 noscere,
678 1511 751 1587 quis',
769 1509 895 1588 qualisve
905 1511 942 1567 sit
956 1511 980 1566 is
999 1511 1045 1569 cui
1063 1511 1117 1566 im·
1214 1517 1219 1528 “

134 1595 316 1654 mortalitatis
325 1594 415 1654 verba
424 1592 570 1652 credenda
579 1597 663 1654 suut?
682 1594 806 1653 Solliciti
816 1595 890 1652 euim
902 1604 932 1652 et
944 1593 1027 1653 valde
1036 1594 1116 1652 solli·

135 1681 185 1739 citi
196 1698 261 1739 esse
272 1677 419 1750 debemus,
431 1699 468 1740 ne
478 1679 645 1756 unatgaritas
655 1680 1113 1758 nostras'mlttemusnnteporoos.

118 1829 128 1844 N
176 1763 211 1824 4.
259 1762 321 1824 Sed
336 1775 368 1822 et
384 1763 455 1822 alias
471 1763 509 1822 oh
529 1780 643 1822 ouussas
662 1764 731 1823 utile
750 1774 806 1835 cst,
829 1765 887 1822 viri
908 1764 989 1823 lunius
1008 1763 1116 1822 halvere

134 1869 180 1910 me
190 1850 336 1908 notitiam..
351 1847 383 1908 Si
402 1850 475 1907 enim
490 1850 589 1921 sciam,
611 1849 676 1926 qnia
694 1849 721 1915 in
740 1849 796 1920 his,
816 1847 854 1912 de
873 1849 972 1928 quibus
990 1869 1046 1908 nou
1064 1868 1117 1926 po·
1194 1879 1198 1884 ‚

133 1945 194 1994 test
202 1933 324 1994 dubitaui
343 1930 419 2012 quod
436 1933 511 1993 bona
528 1935 596 2005 sint,
617 1931 783 1993 emendatus
802 1945 847 1996 est
869 1945 900 1992 et
924 1932 1115 2012 inculpabilis,

134 2019 191 2079 hoc
210 2027 269 2090 est,
285 2019 311 2076 si
330 2017 453 2090 solorius,
474 2020 498 2077 si
509 2019 688 2090 misericors,
708 2020 733 2076 si
751 2019 852 2090 iustus,
880 2019 905 2076 si
923 2019 999 2083 mitis
1017 2029 1048 2078 et
1064 2016 1118 2075 hue

134 2124 234 2164 manus
251 2114 307 2174 est,
329 2122 400 2182 quae
418 2101 523 2182 utique
533 2102 693 2168 bonnosco
711 2103 802 2162 nullus
817 2098 949 2180 ambigit,
969 2113 1117 2162 tuuccou«
1195 2134 1200 2140 ·

134 2208 260 2269 sequens
286 2187 438 2262 videbitur,
467 2198 498 2247 ut
525 2189 551 2249 ei
580 2179 627 2267 qlti
645 2187 757 2250 obtinet
773 2186 849 2247 bona
866 2189 1011 2258 virtutum,
1031 2188 1117 2247 etiam

135 2274 212 2354 quod
237 2272 327 2333 deest·
348 2272 416 2333 lidei
434 2284 464 2333 et
481 2274 621 2353 scientiae
640 2275 823 2344 conferatur,
853 2274 929 2331 etin
948 2273 1117 2350 quibusmm

135 2359 225 2441 calari
234 2357 347 2419 videtur
357 2359 417 2417 eius
427 2359 496 2429 vita,
516 2376 589 2437 quae
600 2358 683 2416 estiu
697 2353 815 2435 reliquis
832 2356 998 2435 probabilis,
1019 2375 1117 2414 emens

134 2443 230 2506 detur.
278 2443 309 2503 Si
327 2462 398 2503 vero
417 2444 445 2501 iu
464 2442 508 2501 his
532 2459 605 2521 quae
631 2441 722 2521 palam
740 2452 817 2517 sunt,
836 2442 965 2519 peccatis
975 2441 1117 2499 involutus

134 2539 284 2609 permanet
301 2539 332 2587 et
349 2526 521 2606 inquinatus,
551 2547 607 2586 nou
634 2546 680 2586 me
707 2536 823 2605 oportet
845 2526 873 2584 ei
890 2524 996 2605 aliquid
1014 2523 1051 2584 de
1063 2536 1118 2583 'se-

135 2614 308 2674 cretioribus
327 2624 358 2672 et
374 2613 492 2671 remotis
511 2611 623 2675 divinae
633 2607 773 2671 scientiae
791 2611 939 2690 proloqui,
958 2609 1012 2670 sod
1026 2612 1117 2688 magis

133 2700 290 2779 protestari
300 2710 330 2758 et
340 2698 496 2757 convenire
506 2716 581 2769 eum,
602 2708 633 2757 ut
642 2716 766 2776 peceare
776 2694 889 2756 desinat
906 2706 938 2755 et
954 2707 1034 2755 actus
1048 2715 1117 2754 snos

135 2784 247 2842 avitiis
270 2781 414 2843 emendet.
462 2781 544 2857 Quod
569 2783 595 2841 si
621 2781 779 2860 ingesserit
803 2799 837 2841 se
861 2790 892 2839 et
917 2780 1119 2860 provocaverit

134 2888 191 2927 uos
216 2855 327 2939 dicere,
357 2886 430 2947 quae
457 2886 519 2933 eum
547 2868 638 2927 miuus
664 2877 750 2927 recte
774 2878 908 2944 agentem
925 2887 983 2924 uon
1002 2875 1118 2945 oportet

134 2951 247 3023 audire,
266 2950 424 3030 prudenter
441 2970 504 3011 eum
523 2951 659 3013 dehemus
679 2950 812 3024 eludere,
833 2971 896 3011 nam
915 2951 1117 3014 nihilomnino

133 3035 315 3114 respondere
340 3035 500 3111 auditorum
527 3056 628 3097 eaussa
654 3036 724 3095 utile
751 3056 809 3101 non
834 3031 959 3106 videtur,
980 3054 1018 3093 ne
1040 3036 1118 3099 forte

135 3120 304 3181 existiment
318 3137 372 3177 uos
390 3120 586 3197 responsionis
604 3120 723 3197 penuria
742 3118 889 3177 declinare
906 3130 1066 3187 emtameu,
1085 3128 1118 3180 et
1201 3128 1204 3133 '

134 3204 208 3267 fides
219 3222 317 3265 eurum
327 3200 466 3277 laedatur,
487 3224 543 3262 non
553 3204 773 3281 intelligentium
783 3203 959 3281 propositum
977 3212 1116 3270 nostrum,

176 3287 210 3349 ὃ.
258 3288 384 3367 Cumque
419 3288 492 3347 haec
519 3287 621 3348 Petrus
639 3286 762 3348 dixisset
786 3285 823 3346 ad
842 3307 907 3359 nos,
937 3286 1041 3359 Nicetu
1067 3306 1116 3346 ro-.
1207 3321 1210 3328 ι

136 3385 187 3453 gat
212 3375 338 3453 permitti
362 3373 416 3433 sibi
439 3372 537 3433 dicere
564 3372 687 3452 aliquid,
720 3382 806 3451 atque
832 3371 1000 3450 indulgente
1031 3369 1118 3432 Petro

135 3480 199 3519 eum
218 3461 301 3519 venia
319 3459 425 3537 inquit:
447 3458 575 3519 Obsecro
594 3469 636 3530 te,
657 3456 772 3517 domine
789 3458 827 3515 mi
841 3456 940 3528 Petro,
959 3457 1058 3517 audias
1072 3476 1118 3515 me

135 3543 218 3604 valde
237 3544 388 3605 sollicitum
407 3546 447 3602 tui
462 3554 492 3603 ct
501 3553 660 3614 verentem,
681 3543 805 3601 nelorte
822 3542 850 3606 iu
867 3543 1024 3602 certamine
1043 3539 1119 3619 quod

137 3628 188 3686 tibi
216 3639 261 3687 cst
287 3648 349 3687 cum
376 3626 505 3700 Simone,
526 3620 664 3705 'superari
682 3626 817 3686 videaris.
864 3624 949 3695 Solet
966 3628 1040 3692 enim
1059 3625 1118 3684 lre÷
1213 3659 1217 3666 ·

138 3723 259 3791 quanter
285 3711 432 3785 accidere,
461 3724 492 3772 ut
519 3714 565 3791 qui
592 3705 742 3772 veritatem
769 3710 910 3782 defendit,
931 3731 988 3768 uon
1005 3727 1120 3788 semper

138 3797 276 3870 obtineat,
306 3797 369 3857 dum
397 3809 446 3859 aut
471 3799 500 3857 in
527 3796 621 3875 aliquo
644 3796 792 3875 praeventi
810 3792 1050 3864 sententiantes,
1070 3804 1119 3853 aut

31 3958 36 3971 x
139 3902 197 3946 uon
215 3880 352 3960 grandem
372 3881 466 3962 curam
486 3882 911 3964 meliorissenteutiaegeruut
943 3878 1038 3959 Super
1046 3879 1118 3939 lineo
1162 3948 1165 3953 ¹
