2634 4400
656 218 725 283 24ss

586 316 799 327 -..·-—--

201 429 348 501 Permitto,
371 430 471 507 inquit,
494 439 523 487 et
541 426 625 509 laudo
645 426 719 507 qnod
746 430 854 487 amieos
882 430 969 503 cotis,
998 442 1184 491 veruntamen

202 514 364 585 considera,
387 512 527 592 quomodo
546 534 599 593 per
616 512 823 593 providentiam
843 513 889 573 dei
904 515 1059 573 omniatihi
1072 537 1184 576 exsen-

201 603 290 660 tentia
309 610 498 673 concurrant3
520 619 590 658 ecce
611 600 685 658 eninr
703 620 759 658 non
779 600 1057 659 soiumaiiectiotihi
1067 605 1186 681 propria

202 684 256 745 deo
277 696 444 765 praestante
471 696 605 763 reparata
633 696 689 755 est,
719 684 770 743 scd
797 696 827 742 et
844 688 1001 744 amicornm
1019 690 1185 765 praesentia

200 782 382 852 procuratur.
430 770 582 848 litpater:
600 770 683 849 ¹Vere
702 772 802 847 inquit,
833 770 952 830 adverto
981 774 1020 831 ita
1048 792 1125 843 esse,
1156 784 1185 832 ut

202 856 284 917 dieis.
331 856 368 915 Et
386 876 448 915 eum
467 855 538 913 haee
558 855 678 913 dixisset
695 856 765 913 ahiit
782 854 818 913 ad
835 855 1027 915 Anuhionem.

243 941 298 1001 55.
347 940 408 999 Nos
426 952 520 999 autem
539 961 601 999 euru
621 940 707 999 Petro
726 942 813 1020 positi
831 961 883 1020 per
901 953 989 1001 totam
1008 954 1123 1000 noctem
1142 945 1185 1001 in-

202 1024 377 1104 terrogando
398 1025 433 1085 de
453 1025 572 1089 dirersis
592 1037 621 1085 et
645 1025 783 1083 discendo
801 1027 896 1098 aheo,
918 1018 1112 1086 delectatione
1124 1029 1184 1107 ipsa

203 1114 351 1173 doctrinae
371 1123 401 1169 et
418 1114 557 1169 suavitate
576 1112 728 1169 verborum
755 1113 911 1190 pervigiles
940 1115 1101 1171 mansimus.
1148 1114 1185 1171 Et

203 1218 264 1257 rum
285 1199 338 1255 iam
358 1208 572 1268 auroresceret,
594 1196 696 1257 Petrus
715 1198 827 1255 intuens
846 1217 890 1255 me
910 1218 944 1255 ac
963 1200 1067 1256 iratres
1091 1216 1182 1270 meos,

202 1284 257 1343 ait:
278 1282 370 1341 Miror
388 1282 453 1361 quid
472 1284 560 1340 risum
580 1284 617 1339 sit
636 1284 709 1361 patri
732 1294 840 1341 restro.
888 1282 1013 1361 Cumque
1042 1284 1114 1355 haec
1142 1283 1185 1341 di-

203 1378 296 1437 ceret,
317 1369 480 1445 supervenit
499 1379 582 1445 pater
600 1379 630 1425 et
648 1367 893 1425 inr'eoit'Petrnm
917 1367 999 1425 nohis
1019 1368 1054 1426 de
1082 1388 1113 1426 se
1141 1370 1185 1426 lo-

203 1465 347 1535 quentem.
395 1452 520 1533 Cumque
538 1453 700 1524 salutasset,
720 1454 890 1510 satisfacere
910 1454 1008 1531 coepit
1017 1464 1047 1511 et
1056 1472 1184 1511 cerussam

203 1558 362 1622 exponere,
383 1538 419 1597 oh
438 1558 518 1616 quam
538 1538 609 1595 foris
627 1539 789 1595 mansisset.
836 1537 898 1597 Nos
917 1550 1010 1597 autern
1025 1539 1184 1616 respicien-

202 1636 247 1683 tes
265 1623 300 1683 ad
320 1643 383 1682 eum
402 1625 575 1702 expavimus,
597 1624 700 1681 rrrltum
720 1624 748 1680 in
767 1643 803 1681 eo
823 1622 948 1681 Simonis
966 1622 1112 1695 ridentes,
1132 1644 1184 1682 ro-

203 1730 265 1771 cem
285 1720 377 1768 tamen
395 1710 483 1787 patris
502 1710 592 1767 uestri
606 1708 802 1767 audiebamus.
849 1708 975 1787 Cumque
986 1710 1184 1785 refugeremus

203 1815 265 1859 eum
285 1806 314 1853 et
333 1813 561 1863 exsecraremur,
582 1793 715 1873 stupebat
732 1805 816 1873 pater
834 1794 908 1872 quod
927 1806 982 1851 tam
994 1805 1109 1852 austere
1121 1813 1183 1851 cum

203 1898 410 1957 congeremus
437 1890 465 1937 et
492 1879 626 1937 harhare.
676 1878 761 1937 Solus
787 1889 881 1937 tannen
905 1879 1019 1938 Pctrns'
1034 1890 1107 1948 erat,
1136 1880 1182 1957 qui

203 1966 307 2025 nultum
326 1964 388 2023 eius
408 1965 562 2023 naturalem
582 1964 712 2033 ridchat3
733 1966 780 2041 qui
799 1975 829 2023 et
846 1966 886 2022 ait
903 1964 938 2022 ad
958 1985 1025 2022 nos:
1052 1964 1111 2021 Cur
1133 1983 1183 2021 ex·

202 2050 353 2109 secratuini
373 2060 482 2129 patrem
502 2054 645 2107 restrum?
665 2049 717 2106 Cui
736 2070 789 2106 nos
807 2070 863 2107 runa
881 2070 943 2107 eum
962 2059 1051 2107 matre
1061 2068 1184 2126 respon-

203 2134 308 2198 diruus:
331 2134 383 2195 tlte
403 2134 484 2193 nohis
504 2134 601 2191 Simon
620 2132 745 2205 ridetur,
765 2154 866 2192 rocem
885 2135 993 2194 hahens
1015 2136 1104 2212 patris
1131 2155 1184 2191 uo-

203 2223 265 2282 stri.
312 2221 349 2280 Et
368 2220 484 2280 Petrus:
507 2220 596 2279 t'obis
623 2220 736 2299 quidem
764 2241 820 2280 ron
847 2222 909 2279 eins
936 2239 1009 2299 quae
1035 2219 1183 2278 maleficiis

203 2317 307 2370 mutata
326 2327 382 2364 non
402 2317 457 2376 cst,
478 2307 539 2365 seia
557 2315 625 2365 nota
643 2317 703 2377 est3
724 2306 790 2363 mihi
804 2317 899 2364 antem
910 2308 994 2364 etiam
1005 2306 1097 2363 vultus
1108 2306 1181 2376 eius,

203 2395 250 2474 qui
269 2393 332 2452 aliis
351 2403 414 2451 arte
432 2390 557 2454 Simonis
584 2402 706 2450 mutatus
733 2401 866 2469 apparet,
896 2391 1068 2448 Faustiniani
1095 2391 1183 2468 patris

203 2479 291 2540 uestri
310 2489 393 2537 notus
412 2488 467 2536 est.
513 2476 551 2534 Et
570 2478 683 2535 intuens
700 2488 810 2555 patrem
829 2477 885 2542 ait:
907 2476 1016 2545 Caussa
1030 2494 1184 2552 quaeeun-

203 2567 298 2642 iugem
318 2574 392 2622 tuam
412 2562 562 2621 conturbat
581 2582 615 2620 ar
634 2562 720 2631 filios,
741 2562 813 2618 haec
833 2572 892 2632 est,
912 2562 1027 2638 species
1046 2561 1136 2618 voltus
1155 2562 1182 2617 in

203 2661 233 2708 te
252 2669 308 2706 uon
327 2648 440 2707 ridetur
458 2648 506 2709 itta
525 2666 598 2726 quae
617 2648 682 2717 init,
702 2645 753 2705 sed
772 2647 863 2704 iacies
890 2643 1061 2704 exsecrandi
1090 2644 1184 2704 Simo-

203 2735 293 2794 nisio
313 2745 341 2790 te
359 2743 490 2812 apparet.

245 2817 301 2876 ed.
347 2818 382 2876 Et
403 2838 465 2875 rum
484 2817 556 2875 hacc
576 2815 699 2886 diecret,
720 2837 871 2893 regressus
890 2816 1002 2895 quidam
1021 2837 1058 2874 ex
1075 2815 1118 2874 his
1137 2817 1184 2894 qui

202 2903 385 2964 Antiochiam
403 2913 638 2999 praecesserunt,
659 2900 963 2974 dicebatadPetrnm3
985 2901 1183 2959 Seiretenoio

204 2988 318 3050 dominc
345 2989 382 3047 mi
410 2987 512 3058 Petne,
542 2988 605 3065 quia
634 2985 733 3044 Simon
759 2986 835 3065 apud
859 2987 1043 3045 Antiochiam
1068 2986 1183 3066 puhlice

203 3075 289 3134 multa
307 3076 417 3133 iaciens
436 3074 517 3150 signa
536 3083 566 3130 et
583 3071 727 3149 prodigia,
748 3073 817 3130 nihil
844 3071 920 3131 aliud
936 3072 1043 3151 populo
1067 3091 1185 3150 persua-

204 3161 313 3218 sitnisi
332 3179 404 3238 quae
423 3157 458 3216 ad
477 3158 516 3214 tui
536 3155 631 3214 odium
649 3159 806 3236 pertinent,
827 3179 937 3235 magum
965 3168 994 3215 te
1022 3157 1182 3225 nominans,

134 3269 139 3278 ¹
205 3246 376 3314 maleficum,
398 3239 579 3313 homicidam,
601 3253 630 3300 et
647 3244 676 3299 in
696 3253 802 3301 tautum
821 3263 872 3302 eos
890 3242 1040 3302 adversum
1050 3253 1079 3299 te
1090 3239 1184 3300 odium

205 3331 370 3398 concitavit,
391 3340 423 3384 nt
440 3346 613 3406 magnopere
633 3325 810 3399 desiderent,
831 3329 853 3386 si
874 3340 902 3387 te
920 3348 1037 3406 usquam
1056 3328 1185 3385 invenire

206 3424 321 3491 queant,
329 3415 414 3470 etiarn
425 3431 527 3470 earnes
538 3424 600 3470 tuas
610 3410 750 3471 devorare
758 3438 766 3484 ς
775 3425 805 3471 et
815 3414 851 3471 oh
863 3413 917 3471 hoe
927 3434 981 3470 nos
990 3415 1037 3490 qui
1047 3413 1186 3490 praemis-

118 3535 122 3549 ·
205 3499 343 3566 sisennus,
355 3495 486 3554 ridentes
496 3495 578 3555 vaide
589 3507 757 3556 commotam
769 3510 871 3559 contra
879 3509 909 3557 te
919 3499 1074 3566 ciuitatem,
1087 3497 1187 3554 eccui·

205 3593 234 3642 te
249 3583 277 3639 in
293 3601 375 3638 uuum
390 3582 595 3642 couvenientes
605 3581 857 3643 considerabamus
868 3583 934 3662 qnid
948 3584 1012 3642 heri
1022 3592 1184 3660 oporteret.
1226 3619 1234 3624 ·

246 3663 303 3724 55
351 3666 476 3745 Cumque
495 3668 599 3726 nulium
617 3668 780 3728 rideremus
798 3671 904 3727 exitum
932 3670 991 3738 rei,
1020 3668 1188 3746 superuenit

207 3753 357 3811 Cornelius
376 3755 518 3823 centurio,
539 3755 639 3812 missus
659 3774 676 3812 ιι
695 3754 821 3812 Caesare
840 3753 875 3812 ad
894 3750 1070 3831 praesidem
1080 3751 1188 3809 Caesa·

206 3856 274 3896 reae
293 3838 398 3918 puhiiei
418 3840 529 3917 negotii
547 3840 657 3917 gratia3
678 3839 752 3898 hune
771 3837 948 3908 adeersimus
966 3837 1006 3936 ad
1021 3836 1185 3908 russelun,
