2634 4400
158 3613 177 3700 l

677 342 743 405 {98

602 440 814 454 ’.η-

217 566 328 635 ruptum
355 552 452 615 saxum
480 552 508 609 in
535 570 679 631 praeceps
706 550 797 621 ferri,
836 548 921 628 idque
948 548 1052 609 illisum
1079 550 1142 609 solo
1169 551 1199 609 in

216 641 303 700 multa
321 641 483 716 fragmento
501 638 665 708 eonirniuui,
686 632 819 714 numquid
838 635 956 694 evenire
974 636 1032 693 ullo
1051 635 1200 715 modopo·

217 737 285 797 test,
305 736 337 784 ut
354 726 382 782 in
402 724 450 783 iffa
468 720 646 782 multitudine
674 721 900 798 fragmentorum
928 720 1090 779 inveniatur
1114 741 1200 781 unum

217 810 316 873 saltem
335 811 536 887 fragmentum,
556 808 585 865 in
605 826 660 886 quo
679 806 811 886 perfecta
828 805 923 883 aliqua
939 807 1053 885 species
1072 824 1126 884 per
1140 827 1201 865 orn·

218 898 266 955 nia
283 894 424 954 habeatur
441 910 477 951 ae
493 893 605 951 formal
623 892 662 950 m
687 910 778 950 senex
804 888 968 969 respondit:
998 890 1065 949 Non
1091 902 1198 969 potest.

219 979 301 1056 Quod
320 982 343 1039 si
361 978 446 1050 adsit,
467 979 557 1055 inquit
574 976 689 1056 Aquila,
710 978 856 1054 signorum
875 976 996 1047 artifex,
1017 978 1144 1034 excisum
1165 975 1201 1035 de

218 1077 314 1125 monto
333 1084 430 1123 saxum
449 1082 529 1120 mauu
548 1062 651 1119 artifici
671 1073 701 1119 et
719 1081 805 1120 sensu
829 1061 994 1119 rationabili
1019 1062 1147 1119 formare
1173 1064 1202 1135 in

219 1170 300 1231 quam
318 1150 388 1208 velit
405 1149 531 1227 speeiem
550 1157 656 1225 potest.
682 1146 720 1204 Et
737 1162 843 1205 senex:
863 1146 983 1216 Verum,
1004 1147 1106 1224 inquit,
1128 1146 1203 1205 istud

200 1232 275 1295 est.
321 1234 412 1311 Ergo,
442 1234 482 1291 ait
507 1232 622 1310 Aquila,
651 1231 699 1289 ubi
727 1250 827 1290 sensus
855 1252 911 1289 non
939 1242 983 1289 est
1010 1232 1201 1303 rationabilis,

219 1320 295 1381 nulla
313 1320 427 1398 species
447 1338 484 1380 er
501 1319 616 1394 integro
636 1318 754 1376 formari
773 1328 879 1396 potest,
905 1316 953 1375 nbi
979 1327 1075 1375 auteur
1101 1335 1203 1376 sensus

220 1416 266 1465 est
283 1406 400 1476 artifex,
421 1403 460 1461 ibi
479 1414 509 1461 et
526 1404 676 1461 formast
702 1402 862 1460 informitas
890 1420 953 1461 esse
980 1413 1093 1482 potest:
1122 1402 1204 1461 verbi

221 1492 325 1569 gratia,
346 1491 370 1548 si
390 1488 508 1548 excidat
526 1509 542 1547 e
561 1499 657 1547 monte
677 1508 774 1546 saxum
793 1488 899 1546 artifex
918 1488 963 1545 oui
985 1489 1106 1546 formam
1134 1488 1204 1546 velit

219 1578 384 1655 imponere,
401 1592 521 1634 necesse
540 1584 585 1632 est
603 1584 633 1632 ut
650 1571 680 1631 id
698 1574 789 1651 primo
809 1573 932 1632 informe
951 1572 1055 1631 caedat
1081 1583 1110 1631 et
1137 1572 1205 1631 bar-

220 1662 332 1732 bprnm,
353 1670 409 1721 tum
429 1658 533 1717 deiude
555 1660 688 1737 paulatim
716 1657 867 1736 excudens,
889 1668 919 1717 et
944 1654 980 1716 ad
1007 1658 1107 1717 libram
1135 1676 1205 1717 suae

221 1748 291 1805 artis
310 1744 492 1825 exsculpens,
514 1746 654 1823 exprimat
672 1736 792 1802 formam
812 1763 894 1821 quam
914 1753 1009 1803 mente
1019 1746 1202 1822 conceperit.

221 1832 264 1889 lta
282 1850 353 1908 ergo
373 1850 411 1888 ex
428 1831 602 1888 informitate
620 1830 667 1889 ref
687 1828 880 1899 deformitate,
900 1829 1019 1887 aftifieis
1036 1838 1119 1887 manu
1137 1848 1206 1909 per·

220 1917 334 1975 venitur
352 1913 386 1973 ad
406 1916 537 1986 formam,
558 1924 588 1973 et
606 1922 755 1993 utrimque
772 1914 808 1972 ab
827 1914 940 1972 artifice
950 1912 1099 1995 procedit,
1120 1915 1206 1973 simili

222 2002 310 2077 igitur
328 1998 412 2057 niodo
431 2010 461 2057 et
479 2018 514 2057 ea
540 2019 613 2077 qnae
641 2001 669 2056 in
696 1998 800 2057 mundo
827 2008 978 2076 geruntur,
1006 2018 1060 2077 per
1085 2000 1206 2058 artificis

222 2082 430 2165 providentiam
449 2084 529 2155 fiunt,
551 2085 662 2143 etiamsi
685 2084 775 2142 minus
802 2082 933 2143 ordinata
960 2083 1121 2160 videantur.
1169 2084 1207 2143 Et

222 2168 289 2231 ideo
308 2170 373 2249 quia
391 2170 442 2229 tibi
461 2168 534 2229 duae
553 2168 624 2229 istae
643 2172 828 2230 innotuerunt
844 2171 926 2242 viae,
946 2189 1100 2251 earumque
1118 2188 1207 2230 acce-

221 2258 288 2337 pisti
308 2256 475 2328 divisiones,
496 2256 564 2334 iuge
583 2254 760 2315 infidelitatis
778 2257 867 2328 viam,
897 2275 934 2314 ne
960 2256 1037 2316 forte
1064 2255 1208 2336 perdurat

175 2403 182 2414 ,
222 2342 607 2422 teadillnmprincipemqui
626 2342 706 2400 malis
725 2339 842 2419 gaudet,
863 2359 987 2420 sequere
996 2341 1063 2401 fidei
1073 2343 1159 2412 viam,
1178 2350 1208 2402 nt

223 2430 376 2508 pervenire
387 2430 479 2507 possis
490 2426 633 2505 adregem
653 2426 730 2485 illum
741 2428 788 2504 qui
806 2427 888 2484 bonis
907 2427 1066 2487 bominibus
1085 2426 1205 2506 gaudet.

264 2511 321 2572 ὃὸ.
366 2511 412 2572 ad
431 2513 503 2571 baec
522 2532 611 2572 senex
630 2510 795 2590 respondit:
817 2511 987 2570 durantem
1015 2520 1045 2572 et
1070 2515 1207 2592 princeps

223 2599 271 2658 ille
291 2599 338 2676 qui
356 2598 435 2655 malis
454 2596 561 2675 gaudet
578 2599 672 2656 faetus
691 2608 747 2668 est,
768 2607 798 2655 et
815 2596 891 2656 unde
908 2596 1001 2656 factus
1020 2609 1064 2657 est
1082 2601 1132 2657 aut
1149 2619 1207 2658 uon

225 2693 269 2742 est
287 2684 399 2742 factus?
417 2682 522 2761 Aquila
540 2684 595 2741 ait:
615 2682 747 2768 Alterius
766 2683 903 2761 temporis
922 2693 967 2741 est
984 2685 1039 2742 iste
1049 2693 1206 2757 tractatus,

223 2787 322 2826 verum
341 2785 379 2824 ne
405 2785 509 2846 expers
538 2765 626 2826 abeas
655 2769 740 2826 etiam
768 2767 850 2825 baius
876 2768 1086 2846 responsionis,
1115 2787 1209 2846 pauca

224 2850 276 2908 tibi
295 2850 330 2910 de
349 2850 404 2908 boe
423 2869 534 2930 quoque
554 2850 714 2912 insinuabo.
761 2852 911 2911 Praescius
926 2855 1048 2912 omnium
1059 2853 1207 2913 densante

225 2937 457 2994 constitutionem
476 2935 583 3006 mundi,
605 2938 700 2997 sciens
719 2939 784 3016 quia
803 2938 889 2996 futuri
908 2938 1048 3010 homines,
1078 2939 1126 2997 alii
1145 2941 1209 3018 qui-

225 3019 289 3081 dam
304 3019 344 3080 ad
351 3020 451 3094 bona,
472 3023 519 3081 alii
538 3041 609 3084 vero
628 3021 665 3082 ad
683 3025 829 3082 contraria
856 3022 1051 3094 declinabunt,
1082 3043 1134 3082 eos
1161 3026 1208 3103 qui

225 3107 299 3165 bona
319 3108 472 3185 elegerint,
494 3129 545 3166 sno
563 3109 735 3187 principatui
755 3119 785 3165 et
802 3127 870 3168 suae
890 3127 976 3167 curae
990 3110 1208 3187 sociavitatque

217 3192 432 3252 baereditatem
451 3194 505 3252 sibi
523 3213 574 3252 eos
593 3195 737 3273 propriam
756 3195 926 3267 nominavit,
947 3213 999 3252 eos
1016 3214 1087 3252 vero
1106 3196 1153 3272 qui
1172 3192 1210 3253 ad

225 3279 297 3336 mala
316 3277 505 3349 declinarent,
526 3279 637 3356 angelis
655 3277 802 3356 regendo's
819 3279 949 3356 permisit
966 3280 1010 3338 bis
1028 3280 1074 3358 qni
1089 3297 1210 3358 nonper

226 3362 422 3433 substantiam,
443 3362 495 3422 sed
512 3384 566 3441 per
585 3365 745 3440 oppositum
765 3382 826 3421 cum
846 3362 902 3422 deo
921 3383 1092 3442 permanere
1107 3365 1210 3424 nolue-

226 3456 292 3504 runt
308 3445 432 3506 invidiae
452 3459 481 3506 et
499 3448 651 3527 superbiae
668 3448 739 3505 vitio
759 3449 903 3527 corrupti,
930 3448 1033 3526 dignos
1053 3469 1125 3526 ergo
1145 3447 1211 3526 dig-

226 3549 326 3588 norum
344 3533 490 3610 principes
509 3534 591 3592 fecit.
638 3531 682 3590 lta
699 3543 793 3592 tamen
813 3552 865 3592 eos
883 3532 1013 3606 tradidit,
1034 3543 1065 3592 ut
1082 3553 1139 3592 non
1158 3534 1211 3591 ba-

225 3615 312 3674 beant
330 3627 500 3695 potestatem
519 3619 547 3676 in
567 3636 618 3676 eos
637 3616 761 3678 faciendi
780 3617 855 3697 quod
873 3619 981 3690 volunt,
1003 3620 1057 3677 nisi
1076 3629 1211 3677 statutum

227 3699 280 3759 sibi
299 3701 334 3759 ab
353 3701 435 3760 initio
454 3703 606 3762 terminum
622 3713 781 3762 transeant.
829 3703 883 3762 Hic
902 3713 947 3761 est
965 3714 1060 3762 autem
1087 3713 1211 3763 statutus

228 3788 374 3857 terminus,
395 3797 427 3844 ut
444 3787 496 3844 nisi
516 3789 577 3864 quis
595 3788 673 3864 prius
695 3787 801 3846 fecerit
826 3786 994 3847 daemonum
1020 3787 1209 3859 voluntatem,

228 3867 383 3928 daemones
401 3871 429 3927 iu
449 3890 485 3928 eo
504 3891 560 3927 non
579 3870 703 3928 babeant
719 3882 902 3950 potestatem.

270 3951 325 4012 56.
372 3953 409 4009 Et
427 3971 516 4012 senex
534 3955 589 4013 ait:
609 3953 764 4032 Magnifice
790 3967 980 4036 prosequutus
1008 3978 1052 4030 es,
1082 3954 1142 4032 blf,
1164 3978 1214 4018 su·
