2634 4400
672 241 718 302 m
784 249 789 259 .

205 445 280 509 nube
299 443 537 506 obumbrabantur
554 445 583 504 in
602 441 662 517 die,
681 454 769 504 nocte
785 461 858 504 vero
876 443 1007 504 colomna
1018 444 1105 520 ⁴ignis
1121 443 1186 505 iiiu-

203 531 392 602 minabantur,
411 549 450 588 ne
467 528 503 588 ad
522 531 611 589 eremi
629 529 789 598 uastitatem
808 529 912 588 borror
930 547 1043 608 quoque
1060 528 1186 588 aceede·

204 627 251 676 rot
268 615 465 676 tenebrarum:
487 614 567 687 Cum,
589 615 712 695 inquam,
732 623 895 672 moraretur
910 612 1045 690 Moyses,
1063 614 1120 690 ipsi
1137 617 1186 672 sc·

205 699 326 761 cundum
344 701 470 778 speciem
488 696 601 778 Apidis,
631 717 714 778 quen
741 698 799 756 cuii
829 699 859 757 in
885 697 1022 776 Aegypto
1039 696 1183 767 viderant,

204 803 319 844 aureum
342 795 427 862 eaput
452 785 532 844 vituli
560 784 701 843 facientes
726 780 929 852 adoraverunt,
959 793 990 840 et
1006 792 1072 860 post
1088 791 1133 840 tot
1150 801 1185 839 ac

203 879 282 928 tanta
300 887 373 947 quae
390 867 522 927 viderant
539 867 696 937 mirabilia,
724 867 834 941 peteris
851 865 1066 925 consuetudinis
1083 864 1185 924 sordes

204 954 321 1012 elimare
340 973 357 1012 a
375 972 406 1011 se
433 961 519 1030 atque
542 953 713 1029 abstergere
738 951 939 1030 nequiverunt
985 950 1024 1009 Et
1051 949 1088 1010 ob
1114 950 1183 1022 boc,

203 1039 299 1098 brevis
317 1039 400 1117 spatii
419 1038 476 1095 iter
503 1036 579 1116 quod
602 1053 638 1096 ex
657 1033 795 1116 Aegypto
813 1035 895 1094 dueit'
909 1034 946 1094 ad
965 1033 1109 1105 iudaeam,
1136 1053 1185 1092 re·

203 1123 334 1200 linquens
361 1123 498 1181 immenso
517 1123 607 1181 eremi
625 1119 733 1179 ambitui
750 1122 812 1198 egit
829 1140 881 1179 eos
898 1117 1029 1199 Moyses,
1056 1121 1081 1178 si
1106 1120 1184 1178 sorte

202 1207 309 1287 possit,
338 1217 369 1264 ut
396 1207 524 1286 superius
551 1207 783 1278 memoravimus,
812 1215 943 1264 vetustae
970 1203 1184 1264 consuetudinis

203 1291 276 1352 maia
294 1291 424 1350 novellae
443 1292 628 1351 institutionis
646 1291 857 1370 permutatione
875 1288 1032 1348 discutere.
1106 1297 1109 1303 '

244 1373 301 1434 56.
348 1375 418 1435 Cum
435 1377 549 1435 interim
568 1375 660 1436 tidelis
679 1385 710 1436 et
726 1373 853 1453 prudeus
870 1372 1051 1454 dispensator
1068 1372 1184 1452 Moyses

202 1459 365 1542 pervidens,
394 1461 499 1540 populo
526 1481 564 1522 ex
589 1459 799 1539 Aegyptiorum
826 1460 973 1518 consortio
990 1456 1074 1517 altius
1091 1459 1184 1517 inote-

130 1523 160 1611 Ψ
178 1597 182 1624 ,
201 1547 277 1606 visse
289 1548 393 1606 uitium
412 1545 497 1606 idolis
524 1544 699 1616 immolandi,
727 1563 783 1603 nec
809 1562 895 1623 posse
922 1543 958 1602 do
986 1544 1030 1610 eis
1056 1541 1184 1609 radicem

175 1657 181 1715 p
201 1631 267 1690 maii
286 1631 366 1690 buius
385 1629 492 1698 excidi,
513 1631 659 1688 immolare
678 1628 791 1706 quidem
810 1629 852 1688 eie
871 1629 1032 1699 concessit,
1056 1625 1109 1686 sed
1128 1626 1183 1685 deo

171 1729 173 1734 '
202 1715 256 1773 soii
274 1715 329 1772 boc
349 1715 413 1772 iieri
430 1715 570 1792 permisit,
599 1724 631 1772 ut
648 1711 769 1772 mediam
788 1711 996 1792 quodammodo
1014 1722 1124 1790 partem
1141 1713 1184 1769 ri-

171 1853 173 1873 ,
201 1800 234 1858 tii
252 1797 335 1857 altius
353 1797 446 1856 inoliti
464 1808 628 1870 resecaret,
648 1797 731 1856 aliam
748 1817 819 1856 vero
837 1795 970 1867 medians,
990 1795 1139 1874 paralium
1153 1805 1185 1854 et

175 1900 179 1960 j
201 1881 238 1941 ad
256 1882 332 1942 atiud
350 1893 460 1961 tempus
477 1893 643 1941 reservaret
660 1879 876 1951 emendandam,
896 1901 950 1960 per
967 1882 1044 1943 ilium
1057 1881 1181 1950 scilieet,

171 2005 174 2029 ;
197 1966 238 2026 de
258 1987 313 2047 qno
332 1969 393 2046 ipse
412 1966 499 2028 dixit:
524 1969 552 2040 ¹)
577 1967 747 2046 Prophetam
775 1965 855 2025 vobis
876 1966 1031 2047 'suscitabit
1054 1964 1183 2024 dominus

201 2050 272 2112 deus
298 2063 397 2110 vester
422 2054 497 2111 sicut
522 2070 579 2123 me,
600 2053 690 2132 ipsum
709 2051 806 2111 audite
823 2049 978 2110 seeundum
997 2051 1091 2108 omnia
1109 2068 1183 2129 qnae

201 2136 308 2196 duent
333 2137 426 2198 vobis.
474 2137 649 2217 Quicumque
677 2137 751 2194 enim
779 2157 836 2195 non
862 2134 989 2194 audierit
1014 2134 1183 2215 prophetam

200 2223 288 2295 iilum,
310 2222 547 2283 exterminabitur
563 2224 657 2281 anima
675 2224 737 2282 eius
756 2220 792 2281 de
810 2221 915 2301 populo
933 2241 996 2280 suo.

175 2330 179 2372 t
240 2307 298 2369 57.
343 2306 391 2367 Ad
418 2308 489 2376 haee
516 2317 611 2369 autern
639 2309 724 2367 etiam
747 2308 841 2366 iocum
859 2308 969 2377 statuit,
997 2308 1026 2364 in
1046 2326 1102 2384 qno
1119 2304 1182 2364 soto

172 2378 178 2471 ,ἶ
199 2394 304 2470 ljeeret
326 2395 371 2453 eis
389 2394 534 2453 immolare
553 2390 620 2453 deo.
668 2392 731 2452 Hoc
749 2404 843 2451 autem
862 2402 951 2451 totum
974 2410 1010 2450 eo
1028 2401 1183 2468 prospectu

167 2496 171 2562 ss
198 2479 365 2557 gerebatur,
385 2489 417 2537 ut
435 2492 497 2536 cunr
516 2489 626 2557 tempus
645 2488 833 2555 opportunum
860 2478 988 2537 venisset
1013 2486 1044 2535 ct
1066 2474 1182 2533 didicis-

198 2572 263 2623 sent
280 2581 333 2639 per
359 2560 537 2639 prophetam,
567 2563 632 2639 quia
659 2560 729 2619 deus
751 2560 976 2623 misericordiam
1002 2560 1061 2620 vnit
1078 2570 1109 2619 et
1125 2580 1183 2628 non

154 2690 156 2695 ·
199 2646 386 2717 sacrificium,
414 2645 547 2705 viderent
566 2665 629 2704 eum
649 2646 696 2723 qni
715 2664 766 2704 eos
784 2646 907 2703 doceret
925 2646 1018 2703 iocum
1037 2644 1085 2703 dei
1103 2645 1181 2703 elec-

167 2751 168 2759 ’
199 2743 256 2790 tum
276 2747 339 2789 csse
358 2731 526 2807 sapientiam
544 2732 616 2809 eius,
638 2730 667 2787 in
686 2750 742 2809 quo
761 2731 931 2789 conveniret
957 2730 1056 2789 offerri
1074 2730 1181 2789 hostias

199 2815 267 2886 deo,
288 2816 361 2875 hune
380 2826 475 2875 autem
493 2815 599 2887 iocum,
615 2815 668 2893 'qui
690 2814 727 2874 ad
749 2825 859 2893 tempus
884 2814 1036 2873 videbatur
1057 2816 1179 2884 eiectus,

198 2898 408 2959 incursionibus
426 2899 547 2957 bostium
566 2910 597 2958 et
615 2898 736 2959 excidiis
754 2917 842 2977 saepe
859 2911 1003 2971 vexatum,
1020 2896 1054 2960 'et
1065 2898 1103 2958 ad
1115 2899 1181 2957 uiti-

197 3004 272 3043 mnm
300 3002 413 3063 quoque
440 2982 572 3043 audirent
598 2985 712 3061 penitus
739 2983 941 3044 excidendum.
989 2983 1019 3042 {n
1039 2986 1118 3043 euius
1136 2984 1181 3042 roi

198 3068 284 3129 iidem
312 3071 398 3128 otiam
424 3077 492 3128 ante
515 3067 666 3130 adventum
694 3070 755 3133 reri
774 3070 946 3149 prophetae,
967 3071 1015 3148 qui
1033 3079 1111 3128 esset
1128 3067 1181 3125 ho·

165 3154 168 3167 ⁵
198 3156 268 3215 stius
287 3174 350 3214 eum
368 3155 434 3214 ioco
453 3155 563 3234 pariter
581 3154 798 3236 repudiaturus,
819 3175 909 3234 saepe
927 3155 963 3214 ab
981 3153 1110 3227 hostibus
1127 3171 1182 3227 po·

219 3240 311 3298 uiatu's
339 3250 383 3297 est
410 3250 439 3299 et
466 3240 534 3317 igue
553 3241 702 3311 incensus3
722 3250 808 3317 atque
828 3241 856 3296 in
875 3240 1070 3315 captivitatem
1089 3254 1180 3312 popu·

197 3260 241 3382 bus
260 3321 399 3382 abductus
417 3325 445 3382 in
465 3335 582 3383 exterus
609 3325 760 3394 nationes,
785 3333 815 3380 et
833 3322 938 3379 exinde
957 3341 1020 3378 cum
1039 3316 1076 3377 ad
1094 3320 1180 3388 naiso-

197 3406 351 3483 rieordiam
371 3407 418 3467 dei
436 3409 610 3485 confugeret
627 3418 781 3466 revocatus
799 3416 858 3476 est,
887 3416 919 3463 ut
936 3424 989 3485 per
1003 3405 1076 3485 baec
1091 3402 1180 3462 doee-

197 3503 290 3565 retur,
320 3494 385 3571 quia
411 3493 555 3552 sacrificia
582 3492 709 3551 offerens
731 3491 886 3571 expeditur
910 3503 943 3551 et
964 3493 993 3550 iu
1011 3510 1109 3548 manus
1127 3490 1180 3547 bo-

163 3610 167 3647 r
197 3580 280 3641 edum
299 3577 433 3651 truditur,
453 3576 679 3637 misericordiam
698 3597 768 3637 vero
782 3578 893 3637 inciens
908 3588 937 3637 et
950 3577 1097 3646 iustitiam,
1118 3575 1179 3633 sine

197 3754 410 3772 pann—nn—

231 3850 261 3915 3)
279 3854 384 3901 Denter.
404 3855 445 3913 18,
465 3856 505 3900 15.
540 3856 596 3903 Act.
615 3854 639 3915 3,
659 3856 699 3900 22.
717 3855 758 3901 23.
