2634 4400
635 223 702 286 tta

180 429 368 512 gradiebatur
392 438 425 488 ut
447 438 477 488 et
494 425 605 486 bortum
623 427 816 506 perspiceret,
836 438 867 485 et
883 425 978 486 snbito
989 429 1081 484 omnis
1091 428 1163 484 mul-

180 515 271 577 titudo
291 516 371 593 quasi
389 513 425 572 ab
443 513 538 592 aliquo
553 523 686 584 avocata,
707 531 769 570 cum
779 512 964 570 testinatione
974 512 1106 588 ingressa
1117 522 1165 568 est

181 601 304 670 domum,
325 610 409 677 atque
428 597 494 656 inde
513 596 549 655 ad
567 596 681 655 bortum
698 597 839 677 prorupit,
858 597 906 654 ubi
925 597 979 655 iam
997 595 1094 654 stabat
1107 595 1164 653 Pe·

179 695 241 746 trus
260 683 446 744 considerans
466 683 528 760 quis
546 691 624 740 asset
641 692 724 758 aptus
742 680 777 739 ad
795 679 991 759 disputandum
1010 681 1103 738 loeus.

224 769 257 828 7.
304 767 341 827 Ut
358 778 452 826 autom
470 765 542 825 vidit
558 765 656 824 turbas
673 766 753 824 velut
769 767 894 842 ingentis
912 766 988 823 llnvii
1006 763 1163 822 inundasse

109 865 112 868 '
181 856 274 913 lenem
293 863 425 922 meatum,
446 849 626 911 adscendens
635 869 720 933 supra
730 850 818 908 basim
828 848 1075 928 quandam-qnae
1085 851 1165 906 l'orte

181 940 260 997 iuxta
277 937 353 998 boati
371 937 510 1014 parietem
529 934 634 1012 stabat,
654 936 747 1012 primo
765 935 916 1011 religionis
932 952 1013 991 more
1027 934 1162 1011 populum

182 1023 326 1082 salutavit.
373 1018 492 1092 Quidam
511 1029 604 1078 antem
624 1038 662 1077 ox
679 1016 734 1091 bis',
754 1020 801 1098 qni
820 1016 1164 1077 aderantetmnltotcm·

182 1124 254 1186 pore
273 1125 291 1161 a
309 1103 493 1166 daemonibus
512 1105 627 1165 merant
635 1104 761 1181 fatigati,
780 1104 809 1161 in
827 1114 932 1162 terram
952 1113 1093 1183 proruunt
1111 1101 1164 1158 ob·

183 1187 362 1249 sacrantibus
381 1187 527 1270 spiritibus
545 1186 706 1259 immundis,
733 1197 766 1246 nt
781 1189 827 1248 vel
846 1207 903 1247 nno
922 1185 970 1245 die
995 1185 1164 1262 indulgere-

183 1285 229 1332 tnr
247 1274 289 1331 eis
307 1275 336 1330 in
354 1273 480 1332 obsessis
499 1272 668 1353 corporibus
685 1291 873 1350 permanerc3
902 1291 973 1350 qnos
995 1270 1097 1329 Pctms
1119 1273 1165 1328 in-

183 1377 305 1438 crepans
324 1358 406 1416 iussit
423 1355 595 1429 abscedere,
615 1367 646 1416 et
663 1358 725 1414 sine
743 1377 824 1415 nora
842 1355 1047 1415 discesserunt.
1095 1355 1166 1413 Post

182 1443 235 1502 bos
254 1443 302 1504 nlii
320 1443 416 1520 longis
424 1443 525 1505 alllicti
543 1441 728 1518 languoribus
745 1441 888 1519 rogabant
901 1439 1026 1510 Petrum,
1045 1441 1166 1498 utreci-

183 1538 287 1606 perant
304 1527 466 1598 sanitatem,
486 1547 538 1605 pro
558 1527 657 1604 quibus
675 1545 708 1584 sa
726 1527 948 1604 supplicaturum
967 1523 1082 1582 domino
1100 1525 1166 1602 pol·

119 1680 122 1686 ¹
184 1613 298 1682 licetur,
319 1631 381 1672 cum
399 1613 478 1692 prius
496 1630 590 1672 sermo
609 1609 759 1670 doctrinae
786 1611 888 1668 fuisset
913 1611 1056 1688 expletus.
1104 1607 1166 1666 Sed

184 1698 278 1754 statim
296 1706 328 1754 ut
344 1696 485 1774 promisit,
506 1694 692 1771 languoribus
710 1696 829 1752 resoluti
846 1704 926 1764 sunt,
956 1704 986 1752 et
1010 1695 1095 1751 lussit
1112 1712 1167 1752 cos

184 1781 305 1839 seorsim
323 1777 454 1838 residere
474 1799 535 1838 cum
555 1779 610 1850 bis,
631 1780 678 1857 qui
697 1799 715 1837 a
733 1778 920 1838 daemonibus
937 1780 1054 1836 fueraut
1081 1797 1168 1837 cura-

184 1865 217 1934 ti,
238 1865 317 1940 quasi
334 1874 400 1944 post
417 1863 524 1926 taltonis
534 1863 746 1940 fatigationem.
791 1863 907 1924 Interea
918 1862 981 1924 dum
992 1863 1168 1939 baecagnn·

185 1958 242 2017 tur,
263 1947 383 2024 plurima
401 1946 549 2005 multitudo
568 1948 713 2018 convenit,
735 1967 805 2026 quos
824 1945 1166 2005 nonsolnmdcsideriunt

186 2032 276 2102 Petri,
297 2029 349 2088 sod
367 2040 397 2088 et
414 2032 582 2101 sanitatum,
612 2050 686 2108 quae
713 2042 899 2110 perpetratae
926 2032 1059 2101 fuerant,
1090 2032 1167 2089 lama

185 2125 378 2196 pertraxerat.
423 2113 464 2178 At
482 2114 583 2177 Petrus
601 2135 685 2174 mann
708 2117 859 2194 quiescere
881 2117 1014 2193 populum
1041 2115 1165 2186 doeens,

186 2212 216 2259 et
241 2202 339 2260 turbas
366 2202 394 2261 iu
413 2201 617 2279 tranquillltate
644 2221 832 2281 componens,
848 2204 875 2275 ¹)
903 2202 959 2260 boc
986 2199 1071 2259 modo
1094 2203 1169 2261 leclt

185 2286 345 2348 exordium.
1038 2305 1041 2310 ’

228 2370 260 2429 ll.
308 2371 459 2449 Incipienti
478 2369 514 2429 de
533 2390 602 2429 vero
622 2369 669 2429 dei
689 2371 764 2429 cultu
776 2372 876 2429 lacero
885 2390 1045 2430 sermonem
1062 2388 1168 2429 neces·

186 2456 290 2512 sariam
309 2454 377 2513 mibi
395 2454 519 2525 videtur,
540 2474 591 2513 eos
610 2456 657 2533 qni
675 2454 797 2514 nondum
817 2453 853 2513 de
871 2455 928 2513 boc
946 2453 1052 2532 aliquid
1070 2456 1168 2512 scien-

186 2540 244 2597 tiae
264 2541 411 2597 consecuti
430 2549 505 2609 suut,
525 2541 616 2619 primo
636 2540 758 2600 omnium
777 2537 896 2610 docere,
908 2540 1169 2617 peremniaincnl-

186 2623 309 2700 pabilem
327 2620 487 2700 ponendam
508 2642 572 2683 esse
600 2621 722 2681 divinam
749 2622 973 2701 providentiam,
1003 2642 1058 2701 per
1084 2641 1168 2700 quam

186 2704 305 2766 muudus
323 2706 442 2783 regitur.
453 2716 483 2763 et
501 2706 687 2782 gubernatur.
735 2707 816 2766 Hunc
838 2717 933 2766 autem
951 2707 1033 2766 nobis
1053 2706 1169 2765 exordii

187 2790 294 2846 titulum
315 2788 394 2847 dedit
411 2789 572 2868 praesentis
596 2792 692 2868 operis
718 2793 809 2863 ratio,
839 2802 870 2849 et
895 2812 993 2851 eornm
1021 2812 1093 2869 qnos
1121 2790 1169 2850 dei

186 2873 275 2931 virtus
294 2874 406 2931 sanavit
423 2873 555 2944 occasio,
584 2885 615 2931 ut
632 2873 830 2946 ostendamus,
859 2875 935 2954 quod
952 2887 1034 2934 recta
1053 2878 1168 2934 ratione

188 2978 270 3036 quam
288 2958 401 3036 plurimi
418 2956 574 3017 adiversis
592 2957 777 3018 daemonibus
796 2960 971 3030 obtinentur,
991 2970 1023 3017 ut
1040 2979 1095 3038 per
1112 2959 1169 3017 hoc

187 3054 327 3123 appareat
345 3043 453 3103 iustitia
472 3040 530 3105 dei.
578 3042 745 3103 invenietur
762 3044 836 3102 enim
855 3046 977 3102 omnium
995 3064 1090 3122 paene
1109 3064 1170 3103 ma-

186 3128 277 3185 lorum
295 3138 388 3186 mater
406 3146 470 3186 esse
485 3128 658 3204 ignorantia.
688 3127 748 3186 Sed
758 3129 814 3185 iam
822 3130 968 3187 veniamus
977 3127 1013 3185 ad
1025 3148 1167 3188 caussam.

228 3210 262 3272 9.
309 3212 388 3271 Deus
406 3231 469 3271 cum
488 3214 608 3271 lenisset
626 3212 767 3269 lromiuem
794 3211 831 3270 ad
849 3214 1002 3289 imaginem
1021 3224 1052 3270 et
1070 3214 1170 3269 simili-

187 3294 313 3353 tudinem
331 3316 422 3366 suam,
443 3298 524 3373 operi
542 3316 593 3353 suo
612 3297 754 3373 spiramen
774 3294 914 3373 quoddam
929 3295 1087 3353 et'odoreru
1098 3316 1171 3354 suae

188 3378 346 3439 divinitatis
362 3381 493 3451 inseruit,
515 3390 545 3437 ut
561 3398 614 3461 per
632 3380 687 3437 boc
705 3380 861 3458 participes
878 3381 949 3439 lacti
959 3381 1096 3442 mortales
1106 3382 1170 3441 uni·
1226 3420 1230 3429 ·

196 3665 200 3673 ,
225 3615 249 3673 ¹)
269 3616 341 3669 Quae
359 3620 501 3675 sequuntur
519 3619 643 3665 voeabula
660 3632 741 3676 usqne
759 3620 791 3665 ad
808 3620 882 3664 linem
901 3620 1015 3676 capati.
1033 3618 1170 3665 dusaritim

112 3700 114 3704 ·
188 3686 260 3745 codd.
278 3686 373 3744 liipssq
392 3685 531 3733 colluerant
549 3688 634 3732 autem
649 3687 827 3733 antecedentia
841 3700 900 3731 cum
914 3686 955 3744 iis,
974 3700 1041 3743 quae
1054 3699 1110 3745 cup.
1129 3686 1171 3731 37.

187 3752 317 3811 leguntur,
335 3752 384 3797 hoc
402 3752 490 3801 modo:
511 3765 718 3811 componens,
737 3768 805 3800 cum
823 3753 930 3812 aliqua
948 3753 1103 3813 loquutus
1122 3767 1171 3799 es-

188 3821 249 3877 set,
268 3819 433 3877 praecepit
452 3822 486 3865 nt
504 3822 632 3877 postera
651 3820 699 3866 alie
717 3823 766 3866 etc.
