2634 4400
656 284 702 344 dd

572 377 785 391 ιμ-νο--μ-η...

191 494 219 550 in
238 507 359 550 earcere
382 489 533 568 colligatus
561 488 686 550 claustra
706 496 810 567 sponte
827 487 960 566 prtobem‘
974 487 1091 558 iuriam,
1110 499 1172 548 stas

190 588 253 636 tuas
273 578 411 634 animatas
430 573 558 645 reddam,
588 575 628 632 ita
655 584 686 633 ut
711 583 847 652 putentur
872 571 909 632 ab
931 573 975 631 bis
998 575 1045 651 qui
1072 572 1171 632 vident

191 663 319 719 homiues
338 679 419 733 osso,
444 679 532 720 novas
551 659 672 719 arbores
680 659 775 718 subito
793 658 863 720 oriri
881 658 998 728 froiam,
1018 668 1050 716 et
1066 673 1172 736 repen·

190 747 250 803 tina
268 745 391 822 virgulta
409 743 575 824 producam,
595 747 624 802 iu
643 745 739 820 ignom
749 743 943 820 memetipsum
963 743 1096 802 iniieiens
1113 762 1172 802 non

191 829 319 890 ardeam.
352 829 467 888 Vultum
486 848 576 888 meum
597 839 751 900 commuto,
772 837 803 885 ιιι
820 846 877 886 non
895 846 1051 902 ugnosnar,
1071 826 1174 886 sedet

191 913 264 974 duas
279 914 370 973 furies
389 914 496 972 babere
515 933 571 984 ure,
592 931 706 991 possum
724 911 884 972 bominibus
901 909 1069 973 ostendere.
1104 912 1173 970 Ovis

191 1011 241 1058 aut
258 1019 346 1077 cupra
365 999 488 1067 efficiar,
509 999 605 1076 puetis
614 998 710 1075 parvis
719 995 836 1058 barbam
846 995 1015 1074 producam,
1035 997 1172 1055 irruerem

189 1082 313 1142 volando
332 1083 462 1153 invehar,
483 1102 579 1140 aurum
598 1082 746 1160 plurimum
764 1078 930 1150 ostendam,
959 1099 1046 1157 reges
1068 1082 1173 1139 faciam

192 1187 300 1244 eosque
311 1166 455 1226 deiiciam.
475 1164 671 1226 Adoruborut
683 1165 766 1237 dous,
784 1163 900 1244 pubiieu
918 1163 1021 1225 divinis
1041 1163 1175 1225 donabor

190 1251 369 1322 bonoribus,
383 1252 423 1308 ita
441 1260 472 1310 ιιι
481 1251 662 1310 simulacrum
676 1251 743 1310 mibi
761 1255 922 1310 satuentes
940 1259 1075 1328 tanquam
1088 1249 1173 1310 deum

192 1335 290 1394 coiant
312 1346 342 1394 et
360 1334 493 1404 adorent.
539 1335 577 1394 ut
595 1334 663 1415 quid
680 1355 751 1413 opus
769 1345 815 1394 est
835 1334 923 1394 ιιιιιΙιι
945 1331 1064 1394 dinero?
1092 1337 1173 1413 quie·

193 1419 260 1500 quid
276 1421 396 1480 voluero
415 1421 526 1492 iacere,
546 1431 663 1500 potero.
706 1419 798 1480 Multa
820 1420 926 1478 etenim
952 1419 1008 1480 iarn
1034 1419 1103 1480 mibi
1121 1439 1173 1480 ex-.
1245 1476 1249 1485 ,

191 1507 342 1584 perimouti
361 1525 462 1564 caussa
481 1515 769 1576 consummaberunt,
794 1503 926 1583 Denique
943 1503 1109 1582 aliquando,
1129 1507 1174 1562 in-

192 1592 264 1670 quit,
284 1609 347 1650 eum
374 1601 466 1650 mator
492 1609 556 1648 moa
583 1590 692 1649 Raoboi
710 1589 824 1650 iuberet
841 1607 886 1648 me
904 1589 986 1650 exire
1003 1587 1043 1647 ad
1058 1606 1171 1666 sgnum,

191 1686 222 1734 ut
240 1686 390 1745 meterem,
411 1693 467 1751 ego
486 1674 589 1734 falcem
607 1671 708 1732 videns
725 1675 847 1753 positam
869 1675 1007 1752 praesepi
1025 1675 1057 1731 ei
1068 1684 1100 1732 nt
1117 1676 1177 1732 iret

193 1770 224 1818 et
249 1770 383 1829 ureterot,
405 1769 435 1816 et
460 1759 580 1824 messuit
606 1756 728 1836 decuplo
754 1758 874 1836 amplius
900 1759 1038 1818 steteris.
1082 1757 1176 1818 diuite

192 1846 247 1902 iam
275 1861 348 1902 nova
376 1841 500 1920 virgulta
526 1840 648 1920 produxi
676 1839 712 1901 do
739 1852 819 1902 terra
851 1853 883 1902 et
909 1842 1116 1903 conualescere
1138 1862 1176 1902 eu

192 1929 267 1998 ieri,
287 1925 339 1987 sub
357 1937 500 1989 momento
518 1928 656 2006 temporis
675 1945 817 2006 apparere
838 1928 898 1988 deri
915 1936 946 1986 et
963 1938 1087 1986 montom
1105 1944 1175 2008 pro·

192 2014 308 2083 ximum,
329 2030 386 2088 ego
409 2008 537 2070 seeundo
555 2012 713 2089 perior-ari.

237 2093 291 2154 10.
338 2093 398 2154 Sed
425 2095 497 2154 baec
534 2113 597 2154 eum
624 2094 739 2155 diceret
764 2095 801 2154 de
818 2097 950 2174 virgultis
968 2094 1118 2175 productis
1144 2107 1176 2156 et

193 2191 289 2241 monte
307 2181 468 2259 perforato,
489 2179 694 2259 stupescebum
706 2202 759 2261 pro
778 2200 827 2253 eo,
847 2179 924 2260 quod
942 2182 1028 2241 etiam
1046 2202 1100 2241 uos
1117 2183 1175 2242 eir·

194 2267 357 2325 cumvenire
376 2266 456 2337 vetit,
477 2266 578 2345 quibus
596 2285 628 2327 se
647 2265 850 2330 sommendare
864 2265 1174 2326 eteoneredororide·

192 2351 294 2421 batur,
314 2349 475 2416 sciebamus
494 2352 568 2414 onim
588 2350 665 2429 quod
682 2372 700 2410 a
718 2353 833 2430 proavis
850 2352 1079 2423 baeefiuissent,
1100 2372 1174 2431 quae

193 2455 210 2493 a
228 2454 261 2493 se
279 2454 370 2513 nuper
387 2437 465 2494 faeta
483 2436 664 2517 perhibebat.
695 2436 775 2497 Haeo
794 2454 866 2514 ergo
885 2457 938 2495 nos
955 2436 993 2495 ab
1010 2456 1047 2495 eo
1065 2437 1175 2514 flagitia

194 2519 355 2589 audientes,
376 2530 406 2577 ot
424 2520 523 2578 borum
534 2519 693 2591 deteriora,
705 2521 897 2600 sequebamur
905 2526 1000 2579 tamen
1010 2532 1041 2579 et
1049 2521 1175 2599 ipsicius

193 2605 316 2675 seelera,
329 2613 359 2662 et
368 2605 440 2663 aiios
450 2604 485 2662 ab
496 2622 532 2664 eo
544 2602 636 2683 decipi
648 2604 835 2683 patiebamur,
844 2606 931 2663 muita
939 2607 1026 2665 etiam
1035 2608 1176 2665 mentien-

193 2700 238 2749 tos
247 2708 300 2767 pro
312 2707 359 2759 eo,
381 2688 475 2752 etbor
485 2690 647 2768 priusquam
662 2687 768 2767 aliquid
778 2690 1000 2748 faeereteorum
1019 2708 1093 2768 quae
1108 2710 1176 2769 pro·
1210 2747 1220 2770 b

193 2776 322 2845 miserat,
334 2775 374 2833 ita
384 2783 415 2833 ut
424 2773 507 2833 nuliis
517 2771 610 2831 adhuc
624 2775 728 2851 gestis,
745 2774 914 2833 anounuiiis
923 2784 1018 2835 tamen
1027 2786 1176 2855 putaretur

165 2856 276 2919 .deus.
899 2855 928 2936 ⁵,
1148 2904 1152 2909 .

238 2944 292 3001 ss.
340 2942 456 3001 iuterim
474 2946 502 3002 in
521 2946 602 3002 initio
622 2962 685 3003 oum
704 2942 796 3003 adbue
815 2946 891 3005 iuter
908 2945 1027 3022 triginta
1044 2944 1177 3006 Dositbei

191 3027 351 3108 discipulos
374 3028 541 3099 baberetur,
571 3030 670 3111 eoepit
696 3030 749 3108 ipsi
776 3026 918 3089 Dositbeo
936 3028 1093 3109 derogare,
1112 3040 1178 3088 tan·

191 3134 277 3191 quam
296 3113 343 3192 qui
362 3134 419 3173 non
438 3116 552 3192 integre
571 3117 776 3193 neo-periectos
795 3113 928 3184 doceret,
948 3114 1034 3194 idque
1045 3134 1109 3174 eum
1118 3136 1177 3173 non

184 3198 300 3258 invidia
317 3199 418 3257 faeere
441 3198 493 3263 sed
520 3201 701 3259 inscientia.
747 3200 854 3259 Verum
873 3199 1028 3260 Dositbeus
1046 3200 1094 3258 ubi
1121 3199 1178 3259 sibi

194 3282 331 3359 derogari
349 3286 439 3342 sensit
456 3304 473 3341 a
493 3284 621 3355 Simone,
645 3304 750 3343 verens
768 3303 804 3343 ne
824 3286 921 3362 opinio
939 3303 991 3342 sua
1004 3284 1177 3345 obscurare.-

193 3378 240 3425 tur
257 3364 332 3443 apud
350 3366 490 3437 homines,
511 3369 558 3445 qui
586 3388 649 3426 eum
676 3368 814 3445 putabant
840 3370 929 3447 ipsum
948 3387 1013 3427 esse
1033 3369 1193 3446 Stantem,

194 3451 293 3508 furore
313 3460 482 3520 commotus,
504 3469 566 3509 eum
577 3449 613 3507 ad
624 3451 751 3510 saboiam
762 3453 848 3511 soiito
859 3455 1074 3524 convenissent,
1094 3453 1179 3531 virga

194 3544 329 3612 correpta
347 3533 503 3593 verberare
524 3534 669 3601 Simonem
688 3538 797 3614 eoepit,
818 3548 849 3595 et
865 3549 986 3616 repente
1003 3554 1178 3615 percorpus

194 3621 256 3677 eius
284 3618 364 3697 quasi
387 3620 573 3697 periumum,
593 3622 655 3678 risa
673 3623 817 3699 ostringa
835 3622 976 3692 trausir03
1005 3640 1093 3698 super
1120 3641 1176 3700 quo
1246 3687 1248 3690 ¹

134 3730 143 3747 ν
186 3703 409 3783 obstupefactus
437 3702 604 3776 Dositbeus,
633 3707 675 3763 ait
701 3704 738 3763 ad
764 3725 844 3765 eum:
873 3704 928 3763 Dio
955 3705 1033 3775 mibi,
1053 3707 1126 3765 situ
1144 3726 1177 3765 es

195 3788 293 3858 Stans,
323 3800 354 3847 ιιι
371 3787 488 3849 adorem
515 3799 556 3847 te.
579 3828 582 3835 ·
604 3788 730 3869 Cumque
758 3788 857 3849 Simon
885 3789 1098 3867 respondisset,
1119 3808 1177 3866 ego

195 3892 267 3943 sum,
288 3871 443 3933 Dositbeus
462 3872 563 3933 videus
582 3893 614 3933 se
633 3894 691 3935 nou
710 3892 775 3933 esso
786 3874 930 3944 Stantem,
951 3873 1179 3935 oceiditotado·
