2634 4400
678 232 702 294 d

586 328 799 354 -ny-———-1

203 445 282 506 Ει
258 465 283 504 ιι
302 440 413 524 qnando
432 439 544 522 quidem
564 439 711 500 obtinebat
728 438 775 496 bic
793 457 901 510 sermo,
922 435 998 518 qnod
1015 437 1181 498 immortalis

204 530 409 599 essetauima,
430 525 609 604 gratulabar;
639 522 794 602 siquando
816 543 887 583 vero
905 523 1080 604 argucbqur
1102 525 1182 603 quasi

204 615 343 685 mortalis,
364 632 425 670 cnm
444 611 561 668 tristitia
579 608 772 667 discedebam.
819 608 959 668 Neutrum
969 609 1100 668 tamenin
1115 627 1182 667 cor-

204 698 240 758 de
260 719 323 756 meo
342 694 543 754 firmitudinem
566 694 696 752 veritatis
714 693 847 764 tenebat,
872 692 925 752 sed
943 694 998 752 boc
1017 705 1123 751 tanturn
1138 694 1182 752 iu·

204 781 379 860 telligebam,
401 779 476 859 quod
493 780 653 838 sententiae
672 797 707 838 ac
727 777 909 838 definitiones
926 797 1034 849 rerum,
1055 799 1111 836 non
1130 798 1181 856 pro

203 879 304 929 nutura
315 868 357 924 sui
367 886 401 925 ac
421 867 541 924 veritate
556 883 730 933 caussarum,
751 862 803 921 sed
818 883 870 941 pro
885 863 1008 940 ingeniis
1023 861 1183 921 defenden-

203 955 283 1023 tium,
303 953 393 1010 ialsae
411 951 643 1027 imaginarentur,
664 959 713 1006 ant
730 967 828 1016 verae,
849 967 942 1026 eoque
961 949 1051 1024 magis
1069 949 1183 1026 inpro-

203 1037 291 1097 luudo
309 1036 436 1114 pectoris
455 1033 619 1104 cruciabar,
645 1031 720 1111 quod
739 1052 832 1111 neque
850 1032 954 1111 aliquid
975 1052 1012 1091 es
1030 1033 1088 1104 his,
1110 1052 1181 1111 quae

203 1121 390 1189 dicebantur,
419 1129 558 1196 umquam
579 1117 687 1175 firmum
705 1129 809 1176 tenere
827 1129 968 1196 poteram,
997 1135 1091 1195 neque
1110 1117 1181 1175 abii-

203 1223 272 1264 cere
295 1202 467 1262 dcsideriom
494 1201 675 1281 requirendi,
704 1202 756 1260 sed
783 1214 888 1281 quanto
915 1203 1005 1279 magis
1031 1203 1182 1280 negligere

203 1289 329 1347 conabar
346 1307 380 1346 ac
399 1306 548 1366 spernere,
569 1297 649 1345 tanto
667 1286 825 1359 ardentius,
855 1299 987 1365 utsupra
1006 1285 1081 1357 dixi,
1105 1287 1183 1345 velut

203 1393 266 1432 cum
285 1371 402 1451 quadam
430 1372 575 1450 voluptate
594 1372 719 1431 latenter
735 1374 867 1450 irrepens
885 1371 1082 1431 huiuscemodi
1100 1373 1183 1449 cogi·

202 1460 285 1530 tatio,
305 1469 428 1515 urentem
446 1469 532 1535 atque
549 1457 670 1516 animum
689 1457 866 1536 possidebat.

244 1543 278 1602 d.
326 1542 535 1619 coangustatus
553 1543 642 1620 igitur
660 1545 826 1602 inventione
848 1562 959 1614 rerum,
979 1542 1089 1602 aiebam
1107 1540 1182 1620 apud

202 1639 308 1688 memet
325 1629 429 1704 ipsum:
451 1625 524 1698 Quid
545 1628 671 1686 inaniter
688 1627 859 1699 laboramus,
879 1647 942 1687 cnm
961 1628 1127 1703 manifestus
1144 1627 1182 1685 sit

201 1713 339 1771 terminus
357 1715 471 1770 rerum?
494 1710 526 1769 Si
545 1713 618 1770 enim
637 1722 841 1811 postmortem
864 1733 921 1770 nou
944 1732 1011 1783 ero,
1037 1731 1111 1770 nnnc
1134 1731 1182 1770 su·

201 1798 310 1885 perlluo
330 1796 460 1868 crucior;
481 1797 505 1854 si
524 1815 593 1855 vcro
612 1798 670 1856 erit
687 1797 754 1856 mibi
776 1798 833 1855 sita
855 1808 921 1876 post
939 1797 1061 1867 obitum,
1081 1814 1183 1855 serre·

201 1901 262 1940 mus
280 1881 320 1938 illi
339 1881 414 1938 vitae
433 1882 476 1938 sni
495 1883 631 1960 temporis
654 1892 758 1953 motus,
783 1901 820 1941 ne
838 1884 916 1941 forte
934 1881 994 1981 tis,
1015 1899 1088 1960 qnae
1106 1900 1181 1939 nune

201 1967 306 2044 patior,
326 1965 420 2043 aliqua
438 1985 484 2024 me
502 1965 541 2024 ibi
559 1967 687 2025 tristiora
706 1968 862 2046 excipiant,
883 1968 938 2024 nisi
960 1968 1008 2044 pie
1030 1985 1066 2025 ac
1083 1966 1182 2024 sobria

200 2051 313 2118 vixero,
334 2060 365 2106 et
382 2049 536 2108 secundnm
551 2053 749 2110 nonnullorum
763 2051 921 2111 sententias
935 2051 1179 2130 pbilosophorum,

201 2133 468 2215 Pyriphlegetbouti
487 2136 571 2193 lluvio
590 2137 634 2195 vel
656 2136 789 2210 Tartaro,
810 2147 841 2195 ut
859 2135 998 2216 Sisyphus
1021 2147 1051 2194 et
1067 2136 1179 2215 Tityus,

201 2230 232 2278 et
248 2230 280 2278 ut
296 2219 381 2277 ,lxion
408 2238 442 2277 ac
469 2218 603 2277 Tantalus
623 2223 752 2280 aeternis
774 2223 803 2280 in
826 2224 940 2280 inferno
959 2222 1104 2301 suppliciis
1122 2232 1182 2279 tra·

200 2302 263 2363 dar.
309 2303 347 2361 Et
364 2322 462 2363 rursus
479 2303 546 2361 mibi
564 2304 619 2382 ipsi
636 2306 860 2383 respondebant
891 2306 950 2366 Sed
973 2308 1046 2365 haec
1067 2305 1181 2365 fabulae

200 2400 281 2459 suut,
306 2398 359 2461 ιιι
385 2389 409 2447 si
435 2389 475 2447 ita
502 2399 562 2460 est,
591 2388 619 2446 in
639 2389 725 2447 rebus
744 2390 836 2450 dubiis
853 2402 981 2471 praestat
1002 2393 1051 2471 pie
1068 2392 1179 2450 vivere.

202 2472 261 2532 Sed
279 2475 381 2531 iterum
400 2473 564 2557 reputabam
583 2493 705 2545 mecum,
722 2476 864 2552 quomodo
874 2497 988 2555 possem
1006 2477 1181 2535 subincerto

200 2558 326 2617 iustltiae
344 2560 484 2636 praemio,
505 2577 521 2615 a
539 2560 653 2635 pcccati
672 2578 717 2617 me
737 2558 853 2617 libidine
872 2563 1042 2619 continere?
1060 2561 1181 2619 maxime

200 2661 263 2701 cum
283 2644 383 2714 etlam,
414 2662 486 2721 quae
504 2643 542 2700 sit
559 2643 620 2721 ipsu
637 2644 760 2715 iustitia,
790 2662 862 2722 quae
880 2641 944 2699 Deo
962 2645 1086 2720 placeat,
1107 2642 1182 2721 apud

200 2745 246 2786 rue
263 2726 403 2786 habeatnr
419 2728 574 2798 incertum,
604 2737 635 2786 ιι
660 2747 755 2809 neque
782 2728 806 2785 si
828 2726 994 2784 immortalis
1016 2727 1054 2784 sit
1074 2729 1179 2798 anima,

200 2830 234 2871 ac
253 2813 301 2883 sit,
323 2831 395 2889 qnae
413 2810 519 2890 aliquid
537 2830 655 2891 sperare
674 2812 781 2889 possit,
805 2827 976 2889 agnoscam,
1001 2829 1095 2890 neque
1114 2810 1183 2891 quid

200 2898 274 2957 certi
292 2897 414 2956 futurum
433 2898 471 2956 sit
487 2897 627 2958 noverim.
674 2894 841 2957 becumen
860 2895 1013 2978 quiescere
1031 2896 1066 2955 ab
1083 2896 1181 2956 buius·

200 2981 313 3041 ccmodi
332 2958 556 3083 cogitplionibus
571 3003 698 3062 possum

240 3064 274 3126 ll.
321 3067 420 3143 Qnid'
413 3070 501 3147 igitur
517 3069 638 3127 faciam?
655 3067 818 3148 Aegyptum
836 3078 942 3150 petam,
958 3081 1043 3153 atque
1061 3072 1101 3131 ibi
1118 3070 1181 3129 bie-

199 3152 345 3229 ropbautis
367 3154 413 3212 vel
431 3153 578 3252 prophetis
598 3172 645 3231 qur
637 3153 753 3234 adytis
766 3166 913 3233 praesunt,
933 3159 1040 3216 amicus
1054 3156 1176 3225 efficiar,

200 3246 230 3295 et
251 3239 372 3313 pecunia
399 3237 434 3295 ab
462 3239 504 3295 eis
531 3238 677 3297 invitatum
699 3258 810 3317 magum
833 3240 990 3319 precabor,
1018 3251 1050 3299 ut
1076 3238 1180 3299 educat

199 3320 267 3378 mibi
284 3322 404 3379 animam
422 3319 459 3379 dc
477 3322 609 3394 infernis,
630 3339 683 3401 per
700 3342 761 3381 earn
782 3344 862 3403 quam
890 3325 1112 3383 necromantiam
1128 3343 1179 3380 vo-

199 3414 277 3476 cant,
297 3416 437 3483 tamquam
456 3405 493 3464 de
510 3407 605 3486 aliquo
624 3410 743 3484 negotio
763 3410 915 3467 consulere
934 3408 1070 3486 cupienti.
1107 3406 1178 3464 Mihi

197 3506 269 3547 vcro
287 3488 360 3547 baec
379 3491 436 3548 erit
455 3491 642 3550 consultatio:
667 3493 692 3551 si
709 3494 877 3551 immortalis
895 3503 941 3551 est
957 3494 1060 3551 anima.
1107 3490 1178 3548 Pro-

197 3571 276 3643 batio
294 3583 388 3632 autern
406 3576 532 3652 animae,
561 3575 636 3655 quod
654 3577 820 3636 immortalis
838 3579 891 3647 sit,
916 3596 972 3633 non
992 3594 1029 3633 ex
1047 3594 1084 3632 eo
1102 3572 1178 3652 quod

197 3657 333 3736 loquitur,
354 3658 411 3717 erit
427 3661 495 3718 mihi
514 3671 607 3733 certa,
625 3661 672 3719 vel
690 3680 782 3721 exeo
801 3657 876 3740 quod
894 3658 990 3730 audio,
1015 3657 1067 3717 sed
1085 3677 1124 3717 ex
1140 3676 1177 3717 eo

199 3740 278 3819 quod·
291 3741 393 3817 video;
421 3755 453 3804 nt
474 3745 565 3803 oculis
587 3746 658 3803 meis
680 3764 805 3803 cernens
827 3761 905 3814 eam,
935 3743 1120 3801 certissimam
1139 3740 1178 3801 do

198 3826 309 3906 reliquo
327 3829 545 3889 immortalitatis
563 3830 625 3887 eius
643 3830 814 3887 sententiam
833 3837 957 3912 teneam.
983 3826 1086 3907 Neque
1101 3827 1176 3885 eninr
