2634 4400
146 511 154 594 l

599 357 812 368 ,μ--α--α--ι

212 469 327 526 venerit
345 465 380 524 ad
400 465 483 526 iidem
503 465 563 538 dei,
583 467 719 526 coelestis
737 485 829 544 oquae
847 468 980 526 sirtoteut
996 469 1195 568 contempnitur,¹

212 571 364 631 perquam
383 550 550 610 daemonem
569 561 700 630 tanquam
719 551 896 610 scintillam'
878 553 966 654 ignis
981 553 1143 630 extinguat

257 636 310 696 te.
357 635 409 694 Est
428 655 500 714 ergo
519 635 585 694 lidei
603 653 749 707 mensura,
770 655 848 736 quae
862 637 886 694 si
904 632 1019 715 integra
1036 640 1084 707 sit,
1106 639 1197 696 exin

212 731 297 799 tegro
316 719 352 781 de
371 723 465 779 anima
483 719 650 781 daemonem
669 722 766 798 lngat3
786 722 900 780 sivero
916 722 1008 780 minus
1025 721 1133 799 aliquid
1148 723 1197 780 ba-

211 805 290 878 beat,
311 803 421 865 residet
439 804 531 864 adbuc
550 803 656 885 aliquid
675 803 1196 884 deportiouedaemonisinportione

212 890 400 961 infidelitatis,
421 901 451 949 et
469 900 514 948 est
531 888 768 967 plurinmslabor‚
789 891 1072 969 utintelligatanima
1083 890 1196 968 qnando

212 986 261 1033 aut
279 975 411 1054 qualiter,
433 976 457 1032 si
476 975 561 1052 plene
579 985 628 1032 aut
645 975 737 1032 minus
754 974 840 1052 plene
858 993 896 1033 ι-,ι
914 993 946 1033 se
956 976 1071 1053 fugatus
1080 977 1120 1032 sit
1129 975 1197 1034 dae·

212 1079 289 1117 mon.
337 1058 369 1117 Si
389 1059 510 1116 enimin
530 1059 623 1137 aliqua
641 1069 722 1138 parte
740 1057 896 1130 resederit,
925 1077 988 1118 enat
1014 1070 1128 1137 ternpus
1153 1061 1196 1116 in·

110 1161 114 1172 ’
211 1145 320 1213 veniet,
342 1143 535 1219 cogitationes
553 1144 669 1202 subiicit
686 1141 822 1222 cordibus
840 1144 999 1215 bominum,
1028 1154 1058 1202 et
1085 1145 1127 1201 illi
1145 1163 1197 1202 nc-

212 1228 340 1286 scientes
359 1226 434 1286 unde
452 1228 525 1287 baec
543 1229 670 1298 veniant,
691 1227 926 1306 suggestionibus
937 1227 1106 1292 daemonnm
1117 1229 1196 1306 quasi

212 1313 324 1371 animae
343 1331 411 1370 snae
429 1312 559 1372 sensibus
578 1311 712 1371 crodunt.
759 1313 927 1391 Suggerunt
948 1332 1020 1390 ergo
1046 1313 1114 1371 aliis
1146 1331 1196 1370 oc·

212 1398 330 1456 casione
349 1416 511 1476 corporeae
530 1398 711 1456 necessitatis
729 1393 849 1456 delicias
867 1399 964 1476 sequi,
992 1398 1112 1460 aliorum
1132 1399 1191 1456 ira-

212 1481 343 1541 cundiam
362 1494 501 1541 excusant
518 1501 572 1562 per
589 1481 788 1541 abundantiam
806 1483 898 1552 fellis,
919 1483 1039 1541 aliorum
1058 1483 1197 1540 insaniam

212 1567 287 1644 nigri
305 1567 382 1625 iellis
399 1567 581 1638 vehementia
600 1568 743 1636 colorant,
764 1566 817 1625 sed
840 1578 871 1625 et
896 1568 1043 1626 stultitiam
1071 1575 1197 1644 quorun·

212 1650 275 1709 darn
295 1670 348 1730 pro
367 1648 544 1731 multitudine
562 1652 733 1730 phlegmatis
750 1662 917 1711 extenuant.
965 1651 1046 1724 Quod
1063 1652 1139 1709 etsi
1157 1653 1198 1709 ita
1303 1682 1304 1737 3

212 1746 301 1807 essct,
323 1745 415 1794 tamon
435 1735 507 1794 baec
526 1737 637 1813 singnis
655 1735 775 1794 molesta
793 1737 909 1814 corpori
920 1754 1052 1795 essenon
1063 1747 1195 1814 possent,

211 1821 265 1877 nisi
285 1838 321 1877 ex
341 1819 467 1878 ciborum
487 1831 660 1899 potuumque
679 1821 836 1892 nimietate,
858 1821 905 1899 qni
920 1839 982 1878 cum
994 1821 1206 1897 iusioamplius.

211 1913 368 1974 sumuntur,
389 1903 561 1962 abnndantia
579 1923 678 1964 eorum
697 1924 778 1983 quam
797 1903 964 1988 decoquere
982 1905 1120 1963 naturalis
1138 1925 1195 1963 noo

117 2049 121 2069 Ι
211 1987 317 2047 sufficit
337 1988 438 2058 calor,
449 1987 619 2046 ersrdescit
612 2009 640 2045 ιιι
659 2000 798 2048 venenum
818 1983 976 2068 quoddam,
997 1988 1083 2068 idque
1101 1989 1197 2048 visce-

210 2070 289 2130 ribus
307 2072 452 2171 venispne
463 2072 591 2130 omnibus
609 2075 739 2135 sentinae
757 2074 787 2131 in
805 2073 917 2132 modum
936 2073 1114 2143 redundans,
1136 2093 1197 2132 mo-

210 2165 257 2215 tus
285 2158 415 2237 corporis
444 2158 559 2218 insanos
585 2155 682 2218 reddit
708 2167 739 2218 ct
765 2168 874 2238 torpes.
921 2158 1045 2237 Propter
1071 2157 1175 2237 qood'
1167 2179 1196 2217 ιιι

144 2260 149 2273 ‘
212 2242 340 2301 omnibus
368 2253 412 2301 est
439 2241 593 2303 botinenda
619 2244 804 2323 parsimonia,
833 2255 984 2321 utnequc
1009 2243 1197 2302 daemonibus

133 2368 139 2387 .
210 2327 291 2387 locus
310 2326 405 2399 detur,
426 2347 519 2407 neque
537 2330 630 2387 anima
649 2328 686 2387 ob
704 2330 747 2388 eis
766 2328 884 2390 obsessa
903 2349 957 2387 una
976 2348 1038 2386 cum
1056 2327 1197 2425 ipsistra·

211 2411 295 2471 datur
312 2414 439 2472 aeternis
457 2413 570 2491 ignibus
590 2412 756 2478 crucianda

256 2494 309 2556 19.
357 2496 410 2555 Est
428 2508 459 2555 et
476 2498 549 2556 alins
567 2516 652 2557 error
670 2489 850 2567 daemonum,
871 2516 953 2576 quem
964 2497 1118 2557 snbrrcmnt
1128 2516 1196 2556 sen

210 2580 288 2639 sibus
306 2579 460 2652 bominum,
480 2592 511 2640 ut
529 2593 630 2660 putent
647 2601 680 2641 se
698 2582 734 2641 ab
752 2583 795 2641 bis
814 2583 860 2660 qui
880 2581 1013 2641 dicuntur
1030 2581 1068 2640 dii
1080 2584 1197 2661 perpeti

211 2684 283 2741 qnae
302 2666 457 2741 patiuntur,
480 2686 534 2743 qno
554 2685 608 2744 pen
624 2667 709 2738 baec,
730 2667 874 2725 sacrificia
901 2659 1058 2725 oll'erentes
1085 2678 1117 2725 et
1135 2686 1197 2724 mu-

210 2766 293 2818 nera,
315 2749 394 2825 quasi
415 2751 638 2828 repropitiantes
657 2770 721 2821 eos,
742 2752 846 2809 cultum
864 2751 955 2809 falsae
973 2751 1125 2827 religionis
1143 2751 1196 2809 ad·

210 2831 334 2901 firment,
355 2852 407 2889 nos
425 2852 495 2890 vero
515 2834 659 2911 refugiant
678 2835 724 2911 qui
742 2854 794 2912 pro
813 2836 905 2894 salute
916 2855 1013 2893 eorum
1024 2837 1193 2912 satagimus,

210 2925 241 2973 ut
258 2916 293 2974 ab
313 2935 414 2975 errore
433 2916 606 2976 liberentur:
628 2916 681 2977 sed
698 2919 753 2977 boc
772 2919 883 2991 utdini‚
903 2922 1012 2979 iaciunt
1025 2921 1195 2997 ignorantes

210 3000 285 3079 quod
305 3000 460 3079 daemones
478 3003 533 3061 ista
551 3002 605 3060 sibi
620 3016 789 3081 suggerant,
809 3005 1012 3063 nesalventur.
1059 3004 1194 3082 Estergo

209 3088 237 3144 in
265 3097 407 3165 potestate
434 3088 666 3167 uniuscuiusque,
696 3090 762 3167 quia
787 3086 871 3147 liberi
898 3088 1010 3147 arbitrii
1036 3090 1131 3147 iactus
1150 3099 1196 3147 est

107 3242 110 3251 ἡ
209 3171 305 3245 boum,
327 3183 419 3231 utrum
439 3172 520 3231 nobis
538 3173 608 3231 velit
625 3173 725 3232 audire
752 3171 787 3231 ad
814 3174 912 3244 vitam,
941 3192 977 3231 an
1004 3171 1194 3231 daemonibus

209 3254 245 3313 ad
263 3258 419 3315 interitum.
467 3257 539 3315 Aliis
559 3259 642 3315 etiam
667 3257 822 3327 daemones
849 3258 877 3315 in
895 3259 957 3315 visu
983 3276 1037 3335 per
1063 3256 1193 3315 diversas

166 3360 172 3365 „
209 3340 348 3415 imagines
367 3354 548 3419 apparentes,
570 3340 711 3399 interdurn
739 3343 829 3399 minas
855 3342 1020 3411 intendunt,
1050 3340 1193 3399 interdum

210 3424 347 3482 sanitates
366 3425 643 3485 incommoditatibus
661 3426 844 3503 pollicentur,
864 3438 895 3485 nt
909 3427 954 3484 bis
963 3446 1034 3503 quos
1044 3425 1194 3504 decipiunt

210 3505 327 3565 deornm
347 3510 526 3569 nihilominus
545 3508 581 3568 de
600 3529 631 3568 se
650 3511 779 3568 inserant
797 3511 973 3588 opinionem.
993 3522 1024 3568 et
1042 3508 1118 3588 quood
1136 3512 1207 3568 siat·
1303 3565 1304 3572 ,

209 3590 363 3651 daemones
382 3594 542 3671 ignoretur.
591 3593 650 3653 Sed
668 3614 723 3653 nos
741 3615 796 3652 non
817 3596 917 3664 latent,
938 3596 1065 3653 scientes
1083 3606 1193 3672 myste-

209 3678 280 3735 rium
300 3689 462 3748 crcaturac,
485 3691 514 3736 ct
532 3700 612 3756 ipram
633 3680 669 3737 ob
684 3698 812 3737 caussam
824 3678 1008 3737 daemonibus
1019 3678 1192 3756 baccagerc

209 3762 237 3817 in
257 3764 401 3839 praesenti
421 3764 519 3821 seculo
539 3766 728 3839 permittatur,
749 3774 780 3821 ut
797 3764 843 3821 vel
861 3764 1060 3821 transformari
1086 3764 1131 3821 eis
1157 3762 1193 3821 li-

210 3855 276 3901 ceat
294 3846 321 3901 in
342 3866 410 3922 queas
428 3848 526 3904 volunt
544 3848 694 3923 imagines,
713 3848 759 3907 vel
778 3866 938 3923 suggerere
956 3867 1059 3926 pravas
1077 3848 1194 3923 cogita·
