2634 4400
586 336 651 397 ter

120 543 220 600 iuncta
238 541 292 599 sibi
309 540 394 612 mala,
414 550 445 598 ιιι
463 540 612 601 foecundis
631 541 767 602 imbribus
785 540 895 622 grando
914 546 1028 605 inimica
1047 558 1103 619 est,
1165 610 1169 618 ,

120 638 152 685 ut
169 628 230 685 rori
248 625 361 705 placido
389 625 528 703 rubiginis
557 638 601 685 est
627 629 740 687 sociata
766 631 926 708 corruptio,
955 642 987 689 ut
1012 633 1104 691 ventis

120 712 233 772 lenibus
252 712 444 790 procellarum
464 711 591 771 turbines
610 714 699 771 iuncti
717 725 793 786 sunt,
814 715 968 774 fructuosis
991 717 1105 775 arbori-

120 797 173 855 bus
192 795 402 867 infructuosae,
423 796 519 855 herbis
539 797 652 856 utilibus
673 800 789 870 noxiae,
810 800 976 859 animalibus
990 802 1104 861 mitibus

119 882 184 940 fera
203 892 232 940 et
251 882 414 959 peruiciosa
434 900 564 940 connexa
583 894 657 941 sunt.
700 883 783 943 'Haec
802 894 895 943 autem
906 887 1000 944 omnia
1009 889 1104 965 posita

120 978 186 1025 sunt
203 987 220 1025 a
239 966 305 1037 deo,
326 986 378 1045 pro
399 984 434 1025 eo
454 966 528 1044 quod
548 967 708 1026 hominibus
730 970 859 1027 voluntas
886 969 997 1029 arbitrii
1016 991 1033 1029 a
1051 972 1104 1031 bo·

119 1072 220 1111 norum
239 1053 386 1131 proposito
406 1051 539 1110 discessit
557 1064 587 1110 ot
605 1052 760 1112 declinavit
778 1052 814 1111 ad
832 1056 915 1115 mala.

160 1136 218 1196 55.
266 1136 357 1214 Igitur
374 1138 401 1193 in
422 1138 550 1195 omnihus
569 1138 663 1195 mundi
688 1139 773 1197 rebus
800 1139 922 1199 habet-ur
948 1142 1003 1199 ista
1031 1139 1102 1206 diri-

119 1224 175 1292 sio,
198 1232 228 1279 et
246 1223 321 1283 sieut
338 1233 403 1280 sunt
420 1223 471 1299 pii,
493 1223 531 1281 ita
551 1234 581 1280 et
598 1224 687 1301 impii,
718 1234 747 1282 ut
765 1235 831 1282 sunt
855 1225 1032 1303 prophetae,
1062 1224 1121 1284 it'a'

118 1319 149 1367 et
167 1308 231 1365 falsi
267 1308 441 1385 prophetae,
470 1306 521 1365 sed
541 1318 570 1365 et
587 1306 661 1385 apud
689 1309 813 1385 gentiles
840 1321 904 1367 sunt
921 1310 1099 1388 philosophi,
1158 1337 1163 1349 ·

117 1404 183 1451 sunt
206 1403 236 1450 et
254 1392 317 1450 falsi
336 1392 511 1471 philosophi,
533 1391 703 1451 Iudaeorum
723 1411 837 1471 quoque
854 1395 1101 1455 circumcisionem

115 1478 262 1537 Arabicae
281 1489 383 1554 gentos
402 1478 531 1555 aliaeque
550 1478 689 1556 plurimae
707 1476 742 1535 ad
762 1473 947 1537 ministerium
966 1499 1034 1537 suae
1050 1480 1102 1537 im-

116 1564 234 1641 pietatis
262 1564 362 1621 imitati
390 1573 464 1621 sunt.
512 1562 561 1620 Sic
581 1574 610 1620 et
629 1562 724 1620 divino
754 1564 840 1636 cultui
867 1574 913 1623 est
940 1566 1101 1623 contrarius

117 1647 285 1707 daemonnm
304 1648 417 1718 cultus,
448 1658 477 1706 et
495 1647 635 1725 baptismo
654 1647 829 1726 baptismus,
859 1659 889 1707 et
917 1649 975 1726 legi
1003 1650 1098 1727 leges,

117 1744 147 1793 et
173 1734 311 1811 apostolis
338 1730 590 1811 pseudoapostoli,
621 1743 651 1791 et
679 1732 844 1792 doctoribus
867 1734 929 1791 falsi
949 1732 1097 1793 doctores.

115 1818 153 1877 Et
171 1817 238 1876 inde
258 1817 394 1878 ostonde
413 1817 486 1896 apud
506 1818 692 1897 philosophos
709 1819 757 1876 alii
784 1817 920 1877 adserant
945 1819 1100 1898 providen-

115 1905 195 1974 tiam,
217 1902 265 1961 alii
283 1914 405 1981 negant,
435 1904 482 1964 alii
502 1922 585 1961 unum
605 1902 699 1974 deum,
729 1905 776 1962 alii
805 1904 900 1982 plures
929 1902 1096 1964 defendunt.

116 1988 212 2067 Usque
231 1986 267 2045 ad
285 1988 346 2061 hoc
358 2007 407 2047 res
425 1987 549 2066 denique
568 1991 705 2060 accessit,
734 2000 765 2048 ut
791 1989 969 2049 cumverbo
989 1989 1035 2049 dei
1053 1990 1099 2069 fu·

114 2085 221 2153 gentur
239 2072 405 2145 daemones,
426 2094 481 2151 per
499 2073 574 2153 quod
593 2094 658 2133 esse
671 2074 849 2153 providentia
859 2074 1034 2146 declaratur,
1054 2076 1099 2133 in·
1145 2091 1147 2094 ·

114 2160 229 2220 venerit
245 2178 293 2218 ars
311 2161 424 2238 magica
441 2158 477 2218 ad
492 2158 689 2220 infidelitatem
700 2159 933 2231 confirmandam,
955 2158 1097 2238 quomodo

113 2247 200 2305 etiam
219 2245 273 2304 hoc
294 2265 330 2304 ex
353 2246 506 2302 contrariis
533 2246 671 2303 imitetur.
718 2245 767 2303 Sic
795 2257 959 2323 serpentum
985 2264 1098 2322 venena

113 2331 247 2408 mitigare
267 2330 438 2389 carminibus
457 2331 611 2399 inventum,
633 2340 663 2388 et
681 2329 769 2388 verbo
780 2349 814 2387 ac
824 2330 959 2407 potestati
969 2326 1016 2387 dei
1027 2349 1097 2388 con·

94 2417 218 2475 Ananias
237 2414 374 2474 inducere
402 2416 551 2474 sanitates.
597 2413 719 2491 Angelis
741 2433 853 2493 quoque
880 2413 928 2472 dei
952 2417 1098 2478 contraria

112 2503 225 2580 reperit
242 2519 289 2559 ars
307 2503 420 2578 magica
439 2501 607 2570 ministeria,
627 2501 781 2558 animarum
801 2500 1004 2558 suscitationes
1027 2518 1098 2559 con·

112 2599 159 2646 tra
178 2587 249 2645 haec
269 2598 299 2646 et
317 2587 452 2664 figmenta
470 2583 636 2643 daemonum
655 2605 776 2663 ponens.
811 2585 848 2642 Et
866 2603 902 2643 ne
921 2584 1007 2644 multa
1026 2605 1097 2643 enu-

113 2671 250 2732 merando
270 2690 431 2732 sermonem
451 2671 564 2748 longius
583 2671 704 2742 traham,
725 2669 793 2728 nihil
813 2671 928 2728 omnino
943 2673 1002 2733 'est
1019 2670 1096 2749 quod

112 2756 198 2816 fidem
217 2755 417 2835 providentiae
436 2757 537 2827 faciat,
558 2765 588 2814 et
605 2776 662 2813 non
685 2756 790 2815 habeat
808 2775 825 2814 e
844 2757 991 2814 contrario
1018 2754 1095 2814 alind

112 2842 150 2902 ad
168 2842 366 2902 infidelitatem
385 2852 533 2919 paratum,
554 2851 585 2899 et
602 2840 669 2900 idco
689 2844 735 2920 qui
753 2843 889 2920 ignorant
914 2843 996 2900 istam
1024 2839 1095 2900 divi-

111 2929 222 2988 sionem
250 2947 361 2998 rerum,
391 2947 443 3005 pro
471 2927 514 2986 his
542 2945 614 3003 quae
641 2947 658 2986 a
685 2929 846 3005 semetipsis
873 2925 1040 2986 discordant
1066 2929 1094 2984 in

110 3010 229 3081 mundo,
249 3031 305 3068 non
324 3022 423 3090 putant
442 3031 506 3070 esse
517 3009 736 3088 providentiam.
767 3010 827 3070 Sed
837 3022 877 3082 tu,
898 3022 993 3089 pater,
1013 3013 1095 3088 quasi

108 3091 155 3156 vir
173 3095 288 3174 sapiens
308 3115 345 3154 ex
363 3098 417 3154 ista
442 3095 582 3154 divisione
611 3096 687 3172 elige
714 3106 835 3174 partem,
865 3115 937 3173 qnae
965 3093 1094 3154 ordinem

111 3191 209 3242 servat
228 3190 258 3238 ct
276 3178 359 3240 fidem
378 3180 577 3258 providentiae
596 3181 678 3250 facit,
709 3191 738 3238 et
764 3200 821 3238 non
847 3181 938 3238 solum
965 3181 1094 3257 sequaris

111 3268 187 3327 illam
210 3270 333 3344 partem,
355 3285 427 3344 quae
447 3277 547 3325 contra
566 3263 695 3324 ordinem
722 3267 813 3324 currit
839 3275 869 3322 et
894 3264 1093 3343 providentiae

112 3350 235 3427 derogat
252 3348 348 3410 fidem.
793 3342 796 3347 ¹

153 3435 210 3496 54.
255 3434 303 3494 Ad
321 3435 393 3494 haec
420 3456 510 3496 senex
527 3434 701 3516 respondite
713 3434 758 3494 Da
775 3436 843 3494 mihi
861 3437 946 3506 viam,
967 3435 1017 3506 lili,
1038 3455 1093 3514 qnia

110 3521 215 3599 possim
236 3540 272 3580 ex
291 3519 400 3580 duobus
419 3523 481 3580 istis
501 3521 659 3593 ordinibus,
681 3541 799 3600 quorum
818 3521 892 3580 alter
909 3520 1029 3591 adserit,
1051 3523 1093 3579 al-

110 3616 156 3664 ter
174 3607 281 3664 refutat
298 3606 520 3684 providentiam,
548 3627 632 3666 unum
658 3607 781 3685 aliquem
807 3607 837 3664 in
863 3608 935 3665 meis
961 3605 1091 3665 sensibus

110 3689 293 3750 confirmare.
341 3691 472 3764 Rectum,
493 3692 583 3770 inquit
600 3689 716 3771 Aquila,
743 3691 860 3750 habenti
888 3689 1021 3750 iudicium
1048 3690 1091 3748 fa-

110 3776 165 3834 cile
185 3774 338 3835 discrimen
358 3788 417 3849 est3
438 3797 501 3836 nam
521 3788 551 3836 et
568 3778 623 3835 hoc
643 3778 733 3855 ipsum
753 3775 828 3855 quod
846 3776 899 3846 ais,
920 3774 992 3833 ordo
1008 3776 1091 3834 etin-

84 3887 88 3891 ·
110 3859 267 3932 ordinatio,
288 3860 323 3919 ab
343 3863 455 3921 artifice
474 3862 537 3921 lieri
556 3871 664 3940 potest,
684 3872 820 3920 anatona
843 3879 914 3918 vcro
932 3859 1090 3920 insensibili

109 3965 165 4004 non
184 3956 297 4023 potest,
318 3965 382 4005 nam
400 3947 481 4006 verbi
499 3948 595 4026 gratia
612 3966 749 4026 ponamus
767 3944 803 4005 de
823 3947 941 4006 excelsa
957 3946 1090 4024 rupeab-
